2610 4110
401 177 482 233 cnr.
495 182 536 246 25,
550 181 590 234 ao.
609 182 746 242 sea-co.
1042 159 1084 224 33

55 347 269 411 inmortalium
284 348 374 414 nobis
386 347 628 414 defendentibus
643 351 735 413 facile
750 349 904 414 vincebat.
933 349 1036 429 Atque
1051 347 1085 410 id

55 456 163 514 actum
190 457 237 513 est
263 458 405 534 praetore
432 473 482 516 me
509 453 720 533 quinquennio
748 460 830 531 ante,
854 472 948 532 quam
976 450 1086 523 consul

57 573 128 618 sum
150 553 268 636 factus3
291 553 391 618 itare
413 554 515 637 magis
537 575 631 636 quam
654 575 776 619 summa
790 555 974 618 auctoritate
990 572 1085 616 causa

56 655 112 719 illa
134 655 266 720 defensa
288 661 344 721 cst.
383 655 523 731 Quodsi
545 658 578 720 in
601 677 724 736 scaena,
746 656 779 719 id
803 657 905 720 estin
928 654 1083 734 contione,
1102 635 1140 755 ἓξ

56 757 90 822 in
123 778 184 838 qua
213 759 306 822 rebus
335 757 416 823 fictis
446 765 477 824 et
506 758 698 824 adumbratis
730 759 791 824 loci
824 759 992 842 plurimum
1026 763 1084 837 est,

57 867 166 924 tamen
188 880 296 923 verum
319 862 413 940 valet,
437 861 464 925 si
487 860 579 925 modo
605 860 639 923 id
665 861 859 943 patefactum
886 867 917 924 et
942 860 1085 924 inlustra·

57 970 126 1025 tum
142 968 198 1042 est,
216 962 291 1042 quid
312 962 345 1024 in
367 962 506 1027 amicitia
527 962 594 1026 fieri
617 969 746 1045 oportet,
763 983 844 1042 quae
866 969 932 1026 tota
953 962 1085 1026 veritate

57 1051 283 1146 perpenditur?
306 1064 338 1127 in
355 1084 417 1143 qua
432 1064 502 1143 nisi,
514 1071 549 1128 ut
563 1064 685 1144 dicitur,
697 1071 839 1147 apertum
854 1070 963 1146 pectus
975 1063 1085 1128 videas

57 1172 210 1246 tuumque
226 1165 381 1244 ostendas,
394 1165 471 1229 nihil
483 1165 589 1245 fidum,
603 1165 680 1229 nihil
696 1167 891 1249 exploratum
903 1165 1031 1244 habeas,
1043 1185 1085 1229 ne

58 1286 166 1329 amare
182 1266 307 1347 quidem
323 1275 377 1331 aut
396 1268 504 1346 amari,
525 1287 595 1331 cum
618 1267 651 1330 id
674 1288 768 1349 quam
790 1288 864 1332 vere
879 1267 934 1330 fiat
949 1268 1084 1350 ignores

148 1367 343 1450 Quamquam
369 1370 431 1434 ista
456 1369 641 1450 adsentatio,
664 1371 808 1452 quamvis
833 1370 1009 1453 perniciosa
1034 1370 1084 1450 sit,

58 1490 174 1534 nocere
199 1479 305 1536 tamen
332 1473 449 1535 nemini
471 1479 574 1555 potest
596 1473 657 1537 nisi
680 1473 718 1552 ei,
742 1473 795 1554 qui
818 1492 887 1537 eam
908 1471 1019 1554 recipit
1041 1477 1086 1534 at·

59 1593 122 1653 quc
145 1593 183 1637 ea
204 1572 383 1638 delectatur.
408 1575 458 1638 lta
479 1574 515 1637 fit
537 1581 570 1638 ut
592 1575 620 1639 is
641 1557 894 1639 adsentatoribus
915 1573 1085 1657 patefaciat

58 1695 152 1740 aures
175 1695 247 1739 suas
269 1677 415 1756 maxime,
440 1677 493 1758 qui
515 1677 583 1760 ipse
610 1677 670 1741 sibi
696 1677 878 1742 adsentetur
904 1682 936 1740 et
962 1695 997 1740 se
1022 1696 1085 1738 ma·
1140 1739 1143 1745 .

59 1778 146 1841 xime
161 1779 228 1861 ipsc
245 1778 386 1842 delectet.
411 1777 546 1844 Omnino
569 1786 616 1844 est
637 1799 748 1843 amans
767 1780 814 1843 sui
829 1779 945 1861 virtus3
969 1771 1085 1860 optir'ne
1103 1792 1136 1840 93

59 1880 144 1944 enim
167 1900 201 1945 se
223 1881 293 1963 ipsa
315 1880 403 1944 novit
426 1900 580 1961 quamque
602 1881 747 1946 amabilis
769 1882 810 1945 sit
831 1880 993 1962 intellegit.
1017 1880 1085 1962 Ego

57 1987 165 2045 autem
188 2003 250 2046 non
273 1982 313 2045 dc
335 1982 449 2046 virtute
472 2000 555 2046 nunc
580 1982 698 2064 loquor,
722 1983 778 2047 sed
805 1982 844 2047 de
870 1982 994 2046 virtutis
1022 1981 1085 2063 opi·

58 2084 162 2147 nionc.
201 2085 323 2148 Virtute
353 2085 436 2148 enim
465 2085 535 2168 ipsa
563 2104 626 2148 non
653 2091 718 2148 tam
745 2085 833 2148 multi
855 2083 989 2167 praediti
1016 2102 1085 2146 esse

59 2206 155 2266 quam
170 2187 269 2250 rideri
285 2187 402 2250 volunt.
426 2187 492 2251 Hos
507 2185 642 2251 delectat
656 2185 841 2266 adsentatio,
857 2186 907 2250 his
929 2185 1020 2249 fictus
1042 2183 1085 2247 ad

56 2288 197 2370 ipsorum
212 2289 403 2353 voluntatem
418 2309 519 2354 senno
536 2310 606 2354 curn
621 2289 796 2370 adhibetur,
813 2289 984 2353 orationem
998 2287 1085 2349 illam

57 2410 175 2452 vanarn
190 2393 400 2454 testimonium
414 2411 483 2456 esse
495 2390 622 2455 laudum
638 2412 762 2456 suarum
777 2396 897 2474 putant.
927 2390 1023 2454 Nulla
1037 2395 1085 2452 est

56 2491 156 2573 igitur
167 2491 244 2553 haec
259 2493 405 2572 amicitia,
418 2513 488 2557 cum
504 2493 582 2556 alter
595 2512 705 2557 verum
720 2492 827 2556 audire
843 2514 905 2556 non
918 2493 993 2571 vult,
1006 2491 1085 2554 alter

56 2592 101 2657 ad
117 2593 330 2656 mentiendum
346 2601 472 2676 paratus
488 2601 543 2658 cst.
575 2596 642 2658 Nec
654 2597 858 2676 parasitorum
870 2597 901 2658 in
915 2593 1083 2658 comoediis

56 2694 236 2759 adsentatio
244 2695 348 2759 faceta
359 2696 448 2760 nobis
458 2697 693 2776 videretur,nisi
705 2705 811 2762 essent
821 2698 936 2760 milites
947 2694 1082 2779 gloriosi.

103 2798 256 2879 Magnas
278 2817 365 2862 vcro
387 2817 502 2880 agere
523 2799 666 2882 gratias
688 2799 802 2863 Thais
824 2799 937 2862 milri?

57 2899 144 2964 Satis
167 2904 233 2962 erat
255 2898 459 2981 respondere:
493 2902 699 2983 „magnas“;
725 2899 949 2986 „ingentes“,
972 2900 1082 2980 inquit.

58 3003 190 3082 Semper
216 3009 311 3082 auget
336 3000 518 3065 adsentator
539 3001 581 3082 id,
605 3001 689 3082 quod
711 3002 748 3082 is,
772 3004 859 3067 cuius
881 3002 921 3065 ad
945 3004 1084 3066 volunta-

58 3111 123 3166 tem
147 3103 267 3183 dicitur,
290 3103 357 3167 vult
383 3123 452 3167 csse
479 3124 637 3186 magnum.
684 3103 787 3179 Quam
813 3106 853 3168 ob
880 3125 956 3185 rem,
980 3127 1083 3185 quam·
1102 3114 1136 3171 99

58 3225 153 3286 quam
176 3204 293 3268 blanda
313 3205 375 3269 ista
396 3205 519 3269 vanitas
541 3205 626 3289 apud
649 3226 701 3271 cos
724 3207 817 3287 valet,
841 3207 893 3288 qui
916 3208 977 3291 ipsi
999 3209 1086 3273 illam

57 3306 218 3370 adlectant
234 3313 264 3370 ct
279 3306 423 3386 invitant,
439 3312 545 3370 tamen
561 3308 656 3371 etiam
671 3309 830 3390 graviores
850 3312 1086 3376 constantiores-

59 3427 121 3490 que
150 3407 340 3471 admonendi
371 3414 454 3488 sunt,
476 3414 511 3471 ut
537 3409 798 3490 animadvertant,
826 3431 866 3475 ne
894 3413 1007 3476 callida
1033 3414 1086 3477 ad-

58 3511 235 3575 sentatione
258 3511 428 3592 capiantur.
460 3510 577 3593 Aperte
600 3512 683 3576 enim
705 3512 885 3576 adulantem
908 3535 1000 3580 nemo
1023 3536 1085 3579 non

58 3610 155 3690 vidct,
179 3612 239 3676 nisi
266 3612 319 3693 qui
346 3611 515 3676 admodum
543 3620 591 3677 est
613 3633 731 3693 excors,
760 3615 889 3699 callidus
911 3616 962 3680 ille
987 3624 1017 3681 et
1039 3638 1086 3681 oc-

59 3714 160 3778 cultus
183 3733 223 3777 ne
245 3734 279 3778 se
301 3714 446 3796 insinuet,
471 3714 611 3782 studiose
634 3712 818 3782 cauendum
839 3724 911 3800 est,
932 3736 1001 3780 nec
1021 3717 1118 3777 en'nn
