2610 4110
155 127 176 192 2
454 142 616 199 LAELIUS
633 144 682 197 DE
701 143 889 198 AMICITIA.

120 338 138 389 4
242 319 322 384 Oum
345 318 430 383 enim
453 338 547 402 saepe
570 338 694 382 mecum
716 337 837 401 ageres,
855 325 888 381 ut
903 316 944 381 de
959 319 1100 382 amicitia

155 421 263 485 berem
290 421 421 504 aliquid,
445 420 543 505 digna
569 421 647 484 mihi
672 441 724 486 res
752 441 824 485 cum
846 421 987 485 omnium
1011 422 1113 504 cognit

155 530 223 588 tum
246 531 353 589 nostra
374 525 587 589 familiaritate
609 524 679 589 visa
706 531 761 589 est.
808 526 920 606 Itaque
942 523 1004 588 feci
1027 544 1090 588 non

155 634 207 692 tus
233 633 268 691 ut
290 627 473 711 prodessem
499 627 605 691 multis
628 633 740 710 rogatu
762 634 824 692 tuo.
871 626 935 693 Sed
957 632 992 690 ut
1014 627 1047 691 in
1072 628 1113 692 Ca

156 731 284 812 Maiore,
308 731 362 812 qui
393 738 440 795 est
470 730 605 813 scriptus
634 729 677 793 ad
705 736 737 794 te
767 729 808 794 de
838 736 1010 809 senectute,
1039 730 1113 794 Cato

156 833 269 898 induxi
296 854 405 898 senem
431 833 655 917 disputantem,
684 835 758 914 quia
784 834 871 897 nulla
896 832 1065 898 videbatur
1091 853 1113 915 a]

156 958 301 1022 persona,
325 957 406 1019 quae
433 936 474 1001 de
499 937 554 1000 illa
575 943 680 1001 aetate
706 937 894 1018 loqueretur,
919 956 1014 1018 quam
1037 936 1113 1015 eius,

158 1048 189 1105 et
215 1040 390 1106 diutissime
416 1060 514 1105 senex
541 1039 653 1105 fuisset
680 1039 767 1106 etin
789 1040 859 1124 ipsa
882 1045 1044 1105 senectute
1067 1059 1113 1123 prr

158 1149 278 1208 ceteros
303 1143 468 1225 floruisset,
493 1143 548 1223 sic,
573 1163 644 1207 cum
666 1144 898 1227 accepissemus
921 1164 941 1207 a
963 1143 1106 1226 patribus

157 1247 243 1312 xime
259 1247 495 1312 memorabilem
511 1247 545 1312 O.
561 1247 651 1311 Laeli
674 1253 705 1311 et
720 1248 754 1312 P.
772 1247 927 1331 Scipionis
944 1246 1113 1310 familiaria

157 1350 264 1433 fuisse,
280 1349 395 1415 idonea
416 1350 493 1414 mihi
515 1350 605 1415 Laeli
626 1370 762 1435 persona
784 1351 855 1415 visa
877 1358 933 1431 est,
950 1370 1032 1432 quae
1055 1349 1095 1413 de

158 1453 233 1518 eitia
254 1473 293 1517 ea
314 1453 384 1537 ipsa
406 1453 584 1534 dissereret,
609 1473 690 1534 quae
713 1453 873 1538 disputata
900 1455 940 1518 ab
969 1473 1006 1518 eo
1034 1473 1113 1516 mem

158 1562 205 1621 set
228 1557 390 1622 Scaevola.
437 1555 545 1621 Genus
571 1562 677 1620 autem
703 1556 764 1620 hoc
791 1576 970 1621 sermonum
996 1556 1113 1639 positur

157 1660 320 1726 hominum
343 1666 486 1725 veterum
512 1660 698 1725 auctoritate
725 1666 756 1724 et
784 1680 890 1725 eorum
916 1660 1095 1724 inlustrium

158 1764 265 1829 nescio
288 1783 349 1844 quo
372 1769 464 1846 pacto
488 1762 613 1828 videtur
638 1763 757 1828 habere
782 1763 964 1847 gravitatis3
996 1763 1102 1844 itaque

158 1886 230 1930 mea
258 1866 369 1949 legens
397 1865 442 1930 sic
468 1865 599 1930 adficior
621 1866 789 1947 interdum,
812 1871 847 1929 ut
870 1866 1032 1947 Catonem,
1055 1886 1113 1930 non

125 1969 243 2052 oloqui
274 1968 461 2034 existimem.
508 1968 572 2034 Sed
604 1976 638 2033 ut
664 1976 731 2033 tum
757 1968 799 2032 ad
826 1988 934 2034 senem
960 1989 1061 2034 senex
1084 1967 1113 2030 dr

159 2078 294 2153 nectute,
312 2073 357 2138 sic
379 2071 440 2137 hoc
462 2072 541 2137 libro
564 2070 605 2136 ad
628 2073 763 2136 amicum
786 2071 995 2136 amicissimus
1018 2072 1113 2155 scrips

158 2176 306 2242 amicitia.
338 2177 418 2240 Tum
442 2182 490 2240 est
513 2176 592 2241 Cato
614 2175 745 2256 locutus,
768 2195 830 2257 quo
854 2182 921 2240 erat
943 2195 1036 2239 nemo
1058 2174 1113 2239 fer<

158 2280 228 2345 nior
249 2280 443 2362 temporibus
466 2279 537 2360 illis,
560 2299 653 2343 nemo
676 2278 875 2364 prudentior3
904 2299 989 2344 nunc
1011 2279 1113 2344 Laelii

159 2383 287 2467 sapiens
309 2382 369 2468 (sic
392 2382 476 2447 enim
500 2388 548 2447 est
570 2382 711 2468 habitus)
735 2390 767 2448 et
789 2383 946 2447 amicitiae
968 2383 1069 2466 gloria
1092 2402 1114 2445 e:

158 2486 228 2551 lens
250 2484 290 2550 de
312 2486 453 2550 amicitia
474 2487 626 2568 loquetur.
672 2487 722 2550 Tu
743 2486 840 2552 velim
862 2507 882 2550 a
904 2507 955 2551 me
977 2487 1113 2549 animum

159 2609 284 2673 rumper
305 2597 441 2670 avertas,
465 2590 607 2655 Laelium
629 2591 715 2672 loqui
737 2591 842 2675 ipsum
863 2596 965 2674 putes.
1001 2590 1034 2654 0.
1051 2591 1113 2653 Far

161 2699 192 2756 ot
208 2691 244 2768 Q.
261 2693 381 2758 Mucius
403 2692 446 2756 ad
468 2713 611 2758 socerum
634 2694 766 2758 veniunt
788 2701 859 2778 post
881 2700 1014 2758 mortem
1036 2694 1113 2757 Afri«

159 2797 200 2861 ab
223 2796 274 2860 his
295 2816 396 2862 sermo
419 2797 526 2877 oritur,
546 2795 716 2880 respondet
738 2798 874 2878 Laelius,
890 2799 979 2862 cuius
1001 2803 1067 2861 tota
1089 2796 1113 2859 d

160 2899 237 2965 tatio
260 2905 308 2964 est
329 2899 369 2964 de
392 2900 541 2980 amicitia,
566 2920 660 2981 quam
683 2901 793 2983 legens
815 2906 847 2965 te
868 2901 937 2984 ipse
961 2919 1113 2983 cognosce

123 2993 141 3114 Ξ
246 3005 393 3068 Fumuus.
418 3004 498 3069 Sunt
520 3004 591 3084 ista,
615 3004 717 3089 Laeli3
740 3024 801 3069 nee
824 3005 908 3068 enim
931 3005 1041 3068 melior
1063 3004 1111 3067 vir

160 3107 309 3173 Africano
339 3106 506 3188 quisquam
535 3126 596 3171 nec
625 3107 745 3172 clarior.
792 3106 856 3173 Sed
887 3107 1068 3171 existimare
1095 3105 1113 3168 d

160 3211 300 3278 omnium
327 3210 433 3275 oculos
460 3210 493 3274 in
522 3216 553 3274 te
577 3229 647 3275 esse
671 3211 829 3276 coniectos
852 3230 958 3274 unum.
1003 3211 1049 3272 Te
1072 3229 1113 3293 sap

160 3324 225 3381 tem
248 3321 280 3380 et
300 3314 463 3398 appellant
485 3320 517 3377 et
540 3313 733 3380 existimant.
778 3314 990 3379 Tribuebatur
1016 3314 1075 3378 hoe
1101 3334 1113 3376 1

159 3420 200 3485 M.
218 3417 340 3497 Catoni,
363 3417 479 3482 seimus
498 3418 533 3481 L.
550 3417 687 3481 Acilium
709 3417 794 3502 apud
816 3423 922 3503 patres
945 3422 1067 3481 nostros
1090 3437 1113 3500 aj

160 3524 258 3587 latum
284 3539 354 3585 esse
379 3520 566 3603 sapientem,
594 3520 651 3586 sed
677 3527 808 3603 uterque
834 3521 895 3586 alio
923 3519 1058 3602 quodam
1089 3541 1113 3594 n

156 3624 286 3703 Acilius,
305 3623 379 3704 quia
399 3623 540 3707 prudens
563 3645 633 3690 esse
655 3624 689 3687 in
712 3624 780 3687 iure
803 3624 887 3688 ciuili
908 3624 1113 3708 putabatur,t

140 3727 218 3804 quia
242 3728 421 3794 multarum
451 3750 561 3797 rerum
587 3750 684 3796 usum
707 3727 871 3812 habetat,
897 3729 999 3790 multa
1023 3728 1093 3790 exus
