2610 4110
226 107 268 172 28
524 122 684 178 LAELIUS
700 122 751 177 DE
768 121 956 176 AMICITIA.

226 305 350 361 tuosum
372 295 422 377 sit,
446 301 477 360 et
498 295 616 360 amicos
637 302 798 378 tamquam
819 293 957 378 pecudes
979 313 1033 359 eos
1055 292 1254 378 potissimum

226 398 371 481 diligunt,
398 418 439 463 cx
467 398 580 479 quibus
607 403 734 481 sperant
760 416 795 463 se
821 397 994 461 maximum
1020 397 1158 462 fructum
1185 416 1255 462 esse

176 516 210 566 80
229 509 382 584 capturos.
405 500 455 565 Ita
470 499 679 583 pulcherrima
698 500 753 563 illa
774 505 806 564 et
828 499 966 565 maximo
987 500 1123 564 naturali
1146 505 1256 564 carent

227 603 365 668 amicitia
386 623 442 686 per
464 623 499 668 se
522 609 552 666 et
571 608 699 687 proptor
717 622 752 667 se
771 602 912 685 expetita
926 621 986 666 nec
999 601 1061 685 ipsi
1077 601 1139 667 sibi
1153 621 1257 666 exem-

227 707 279 791 plo
295 711 376 786 sunt,
392 705 471 769 haec
484 705 534 770 vis
556 705 712 769 amicitiae
734 710 766 769 et
788 704 889 786 qualis
912 709 943 769 et
965 710 1083 787 quauta
1105 703 1155 769 sit.
1183 705 1256 787 Ipse

229 809 369 873 enimse
391 807 523 889 quisquc
548 806 660 889 diligit,
682 827 746 872 non
772 812 807 870 ut
829 807 967 888 aliquam
988 827 1009 871 a
1030 825 1065 872 se
1087 807 1157 889 ipse
1179 825 1258 869 mer·

229 909 339 975 cedem
364 909 472 991 exigat
499 908 639 973 caritatis
661 927 747 988 suae,
770 907 827 973 sed
850 907 933 989 quod
955 927 1068 991 perse
1092 907 1153 973 sibi
1176 907 1257 989 quis·

229 1031 290 1093 que
305 1030 395 1075 carus
410 1016 466 1075 est.
490 1008 582 1085 Quod
603 1009 665 1074 nisi
686 1009 772 1073 idem
792 1011 826 1073 in
847 1009 1018 1074 amicitiam
1040 1009 1257 1089 transferetur,

228 1132 322 1177 verus
343 1112 464 1177 amicus
485 1131 656 1193 numquam
677 1111 864 1195 reperietur;
896 1118 944 1177 cst
966 1111 1049 1176 cuim
1071 1111 1109 1192 is,
1133 1111 1188 1192 qui
1212 1117 1259 1175 est

177 1227 210 1276 81
228 1223 389 1297 tamquam
411 1216 491 1279 alter
512 1213 606 1278 idem.
651 1212 742 1289 Quod
771 1214 799 1278 si
827 1213 887 1279 hoc
915 1221 1047 1297 apparet
1077 1213 1108 1277 in
1135 1213 1257 1294 bestiis,

228 1317 415 1398 volucribus,
439 1316 597 1396 nantibus,
619 1316 804 1399 agrestibus,
828 1316 993 1396 cicuribus,
1017 1315 1100 1392 feris,
1121 1315 1258 1399 primum

229 1426 264 1483 ut
278 1421 414 1503 seipsae
432 1419 566 1502 diligant
581 1417 627 1501 (id
650 1418 734 1482 enim
756 1417 873 1502 pariter
895 1437 966 1482 cum
989 1419 1073 1482 omni
1094 1419 1258 1482 animante

229 1521 391 1607 nascitur),
419 1519 535 1585 deinde
560 1525 595 1584 ut
620 1521 782 1601 requirant
806 1525 902 1601 atque
928 1519 1091 1603 adpetant,
1114 1518 1157 1584 ad
1180 1539 1259 1601 quas

230 1643 265 1688 se
290 1621 460 1706 adplicant,
483 1621 624 1687 ciusdem
649 1622 775 1704 generis
801 1621 988 1703 animantes,
1015 1621 1111 1704 idque
1138 1621 1260 1686 faciunt

231 1745 302 1790 cum
316 1723 470 1789 desiderio
486 1729 517 1788 et
532 1743 603 1788 eum
619 1721 755 1804 quadam
770 1722 973 1788 similitudine
987 1724 1103 1789 amoris
1117 1722 1259 1804 humani,

231 1832 348 1907 quanto
375 1824 409 1889 id
435 1825 537 1908 magis
563 1825 596 1889 in
623 1824 750 1889 homino
775 1825 811 1889 fit
836 1831 962 1907 natura,
986 1826 1040 1908 qui
1071 1831 1104 1891 et
1134 1846 1169 1891 sc
1192 1826 1261 1910 ipsc

231 1926 332 2010 diligit
361 1934 392 1991 et
421 1926 553 1992 alterum
581 1926 728 2008 anquirit,
752 1927 839 1990 cuius
865 1927 1006 1991 animum
1032 1927 1077 1992 ita
1105 1947 1178 1992 cum
1205 1947 1260 1994 suo

180 2004 217 2125 ἓξ
232 2029 370 2110 misceat,
392 2035 427 2093 ut
453 2029 570 2093 efficiat
595 2048 698 2112 paenc
723 2049 821 2094 unum
843 2050 884 2094 ex
907 2028 1038 2095 duobus.
1084 2029 1150 2096 Sed
1171 2030 1261 2114 pleri-

233 2152 292 2214 quc
314 2151 471 2216 perverse,
494 2151 536 2196 nc
557 2129 661 2195 dicam
687 2129 895 2215 impudenter,
918 2131 1036 2197 habero
1062 2133 1158 2197 talem
1186 2132 1262 2197 ami-

233 2254 304 2299 cum
325 2234 443 2314 volunt,
467 2233 576 2315 quales
601 2233 662 2317 ipsi
690 2252 759 2297 esse
781 2254 845 2298 non
867 2241 1009 2319 possunt,
1032 2254 1176 2317 quaeque
1199 2235 1262 2320 ipsi

232 2357 296 2400 non
324 2336 464 2400 tribuunt
493 2334 611 2414 amicis,
634 2334 714 2399 haec
744 2335 784 2399 ab
814 2336 854 2400 iis
882 2335 1072 2401 desiderant.
1121 2337 1185 2402 Par
1215 2343 1263 2403 est

232 2444 338 2501 autem
366 2436 502 2520 primum
530 2437 634 2520 ipsum
663 2456 732 2501 csse
758 2436 860 2501 virum
886 2439 1012 2518 bonum,
1034 2445 1102 2502 tum
1127 2438 1263 2504 alterum

234 2539 367 2604 similem
389 2538 437 2603 sui
460 2557 617 2620 quaerere.
662 2540 701 2602 In
724 2539 839 2604 talibus
862 2560 909 2620 ea,
933 2560 1028 2621 quam
1055 2541 1118 2604 iam
1141 2539 1263 2605 dudum

234 2647 418 2722 tractamus,
452 2642 606 2706 stabilitas
638 2642 795 2707 amicitiae
828 2642 1005 2707 confirmari
1037 2648 1155 2726 potest,
1190 2663 1264 2709 cum

128 2773 131 2780 ¹
234 2744 376 2809 homines
398 2742 611 2808 benivolentia
633 2745 789 2810 coniuncti
811 2744 946 2828 primum
969 2744 1194 2829 cupiditatibus
1213 2747 1264 2828 iis,

235 2847 349 2928 quibus
367 2845 463 2909 ceteri
481 2845 631 2925 serviunt,
646 2846 854 2928 imperabunt,
871 2845 986 2911 deinde
1001 2847 1160 2929 aequitate
1175 2847 1265 2914 iusti·

235 2949 341 3030 tiaque
366 2946 558 3030 gaudebunt,
585 2947 751 3028 omniaque
778 2948 857 3012 alter
886 2969 943 3032 pro
972 2949 1070 3014 altcro
1101 2949 1264 3034 suscipiet,

235 3069 339 3132 nequo
359 3049 526 3130 quicquam
548 3069 696 3132 umquam
718 3050 779 3114 nisi
801 3050 965 3115 honestum
988 3058 1020 3115 ct
1041 3057 1161 3116 rectum
1182 3053 1266 3119 alter

235 3153 276 3215 ab
299 3151 396 3215 altero
418 3151 596 3233 postulabit,
619 3171 721 3233 neque
748 3152 847 3217 solum
870 3153 974 3219 colent
995 3155 1077 3221 inter
1099 3173 1134 3219 se
1156 3175 1196 3220 ac
1221 3155 1265 3220 di-

236 3253 344 3336 ligent,
368 3250 423 3316 scd
450 3252 545 3316 etiarn
570 3254 776 3338 verebuntur;
808 3275 882 3319 nam
904 3257 1076 3321 maximum
1099 3277 1266 3323 ornamen-

186 3365 218 3414 83
238 3362 303 3418 tum
324 3352 481 3417 amicitiae
502 3354 591 3434 tollit,
608 3356 660 3436 qui
683 3375 724 3419 ex
747 3374 785 3419 ea
800 3357 879 3421 tollit
894 3359 1125 3424 verecundiam.
1150 3361 1265 3442 Itaque

237 3458 270 3520 in
299 3456 338 3520 iis
367 3456 559 3538 pernIciosus
589 3463 636 3521 est
666 3477 762 3539 cunr,
794 3459 846 3540 qui
880 3461 1062 3525 existimant
1093 3460 1265 3527 libidinum

238 3565 496 3641 peccatorumque
519 3558 657 3623 omnium
679 3567 785 3642 patere
803 3560 837 3623 iu
852 3561 991 3625 amicitia
1006 3563 1180 3647 licentiam;
1205 3564 1267 3630 vir·

73 3694 105 3872 .
238 3667 338 3722 tutum
360 3660 498 3723 amicitia
520 3658 657 3723 adiutrix
678 3681 699 3724 a
720 3668 831 3725 natura
853 3661 928 3726 data
951 3671 1007 3744 est,
1031 3683 1093 3728 non
1114 3665 1266 3731 vitiorum
