2610 4110
231 148 253 207 4
531 157 692 214 LAELIUS
709 158 759 212 DE
777 157 965 229 AMICITIA.

234 341 364 399 mortem
388 333 443 396 filii
466 333 553 397 tulit!
585 331 788 396 Memineram
812 332 954 413 Paulum,
977 331 1120 397 videram
1143 331 1254 412 Galum,

185 454 214 502 to
234 437 291 502 sed
306 436 339 500 hi
355 437 388 500 in
404 436 519 520 pueris,
537 435 616 500 Cato
630 436 663 498 in
686 435 825 519 perfecto
841 442 880 517 et
901 442 1042 519 spectato
1064 437 1140 501 viro.
1165 434 1253 511 Quam

236 541 275 606 ob
298 560 364 604 rem
389 559 467 604 cave
491 538 603 604 Catoni
624 544 799 622 anteponas
821 558 862 602 ne
883 538 978 602 istum
1001 538 1127 620 quidem
1153 538 1251 622 ipsum,

235 663 328 724 quem
359 640 486 726 Apollo,
517 648 552 705 ut
581 641 643 721 aie,
675 641 940 723 sapientissimum
972 641 1141 724 iudicavit;
1175 639 1250 703 huius

236 745 320 810 enim
344 745 438 824 facta,
454 744 538 808 illius
561 742 646 808 dicta
668 743 844 807 laudantur.
873 744 922 808 De
944 764 996 807 me
1017 751 1132 824 autem,
1148 748 1184 806 ut
1203 743 1250 806 iau

234 869 304 912 curn
327 855 458 929 utroque
481 848 600 929 loquar,
625 847 670 912 sic
692 847 848 912 habetote.

197 960 216 1013 3
321 951 390 1032 Ego
413 951 440 1014 si
462 949 618 1033 Scipionis
641 949 797 1013 desiderio
819 970 870 1014 me
892 951 1010 1015 moveri
1032 969 1157 1034 negem,
1174 966 1249 1031 quan
1289 944 1295 1002 ἕ

233 1054 267 1118 id
296 1060 381 1118 recte
411 1053 527 1117 faciam
556 1052 692 1118 viderint
722 1052 890 1135 sapientes,
918 1051 975 1116 sed
1009 1058 1093 1117 certe
1122 1051 1247 1116 mentiar.
1290 1045 1294 1050 ’

234 1157 362 1221 Moveor
383 1156 468 1220 enim
490 1155 545 1219 tali
568 1155 669 1218 amico
688 1154 825 1234 orbatus,
842 1155 952 1236 qualis,
967 1161 1002 1219 ut
1016 1156 1159 1236 arbitror,
1175 1168 1247 1218 neno

233 1278 383 1340 umquam
415 1257 483 1339 en't,
514 1262 549 1321 ut
580 1257 764 1322 confirmare
794 1276 930 1340 possum,
960 1277 1054 1322 nemo
1084 1263 1168 1322 certe
1196 1254 1246 1319 ft

234 1359 299 1425 Sed
325 1382 389 1426 non
417 1380 495 1444 egeo
522 1359 697 1442 medicina;
729 1380 780 1424 me
806 1360 874 1443 ipse
901 1361 1051 1440 consolor,
1075 1366 1107 1424 et
1128 1357 1248 1423 maxime
1290 1351 1295 1392 ¹³

231 1463 285 1528 illo
307 1463 431 1542 solacio,
449 1462 531 1543 quod
555 1483 592 1527 eo
615 1482 717 1527 111111
741 1481 840 1544 careo,
858 1482 919 1543 quo
941 1463 1113 1533 amicorum
1135 1462 1248 1526 decessu
1290 1454 1295 1476 ²

233 1565 376 1648 plerique
399 1565 474 1647 angi
497 1565 608 1632 solent.
631 1564 720 1628 Nihil
741 1565 816 1628 mali
837 1565 991 1630 accidisse
1013 1565 1153 1649 Scipioni
1175 1567 1246 1648 puto;

232 1669 310 1731 mini
338 1666 463 1747 accidit,
495 1667 523 1732 si
553 1667 629 1747 quid
660 1667 796 1751 accidit,
832 1669 896 1733 suis
925 1675 1033 1733 autem
1061 1662 1248 1733 incommodis
1293 1666 1295 1715 ἕ

232 1770 371 1852 graviter
399 1769 475 1853 angi
505 1790 570 1834 non
599 1769 744 1851 amicum,
768 1769 825 1834 sed
854 1791 889 1835 se
915 1771 1017 1854 ipsum
1045 1770 1181 1835 amantis
1205 1772 1246 1832 111
1294 1797 1295 1800 “

184 1885 213 1931 11
234 1874 311 1936 Cum
337 1872 390 1936 illo
413 1891 488 1935 vero
517 1872 586 1954 quis
613 1878 709 1956 neget
735 1879 841 1936 actum
869 1893 939 1938 esse
964 1874 1150 1957 praeclare?
1193 1866 1248 1936 Nisi

233 1975 327 2055 enim,
351 1973 434 2056 quod
463 1974 516 2038 ille
546 1975 675 2039 minime
705 1977 845 2058 putabat,
872 1976 1127 2040 inmortalitatem
1155 1980 1248 2059 optare

233 2078 338 2158 vellet,
362 2076 438 2159 quid
459 2098 523 2142 non
546 2077 680 2162 adeptus
703 2084 760 2159 est,
785 2077 869 2159 quod
890 2078 1010 2142 homini
1032 2079 1081 2143 fas
1104 2084 1187 2144 11111
1209 2093 1248 2158 op

232 2180 324 2244 tare?
349 2180 402 2262 qui
422 2200 575 2245 summam
596 2201 685 2264 spem
702 2182 826 2262 civium,
843 2202 936 2262 quarn
959 2181 1000 2246 de
1022 2201 1060 2247 eo
1081 2181 1146 2246 iarn
1167 2193 1249 2264 puero

233 2282 418 2363 habuerant,
447 2283 594 2348 continuo
620 2283 806 2348 adulescens
833 2284 1008 2348 incredibili
1034 2284 1150 2349 virtute
1175 2297 1250 2365 supc-

233 2385 324 2465 ravit,
341 2385 393 2465 qui
413 2386 607 2449 consulatum
629 2386 743 2469 petivit
764 2407 945 2469 numquam,
961 2386 1063 2452 factus
1085 2386 1194 2452 consul
1212 2383 1251 2448 111

233 2489 292 2568 bis,
317 2488 452 2572 primum
480 2496 556 2554 ante
585 2495 718 2574 tempus,
741 2490 854 2554 iterum
880 2491 941 2555 sibi
968 2511 1023 2556 suo
1045 2497 1195 2574 tempore,
1213 2480 1251 2552 rei

233 2591 379 2675 publicae
400 2612 503 2676 paene
525 2612 604 2674 sero,
628 2595 682 2674 qui
704 2593 826 2658 duabus
856 2595 986 2659 urbibus
1017 2594 1135 2659 eversis
1163 2586 1250 2658 inimi·

232 2694 366 2759 cissimis
387 2694 461 2759 huic
482 2695 613 2778 imperio
636 2715 699 2759 non
721 2696 813 2761 modo
836 2696 1023 2779 praesentia,
1039 2716 1150 2761 verum
1168 2695 1251 2762 etiam
1294 2770 1295 2774 Ἰ

231 2798 337 2862 futura
358 2799 441 2863 bella
464 2798 589 2863 delevit.
636 2797 720 2873 uuio
743 2799 845 2863 dicam
868 2799 908 2865 de
933 2800 1072 2865 moribus
1094 2795 1249 2871 facillimis,
1294 2824 1295 2831 ¹

231 2899 272 2964 de
294 2901 412 2984 pietate
434 2901 466 2964 in
489 2908 631 2982 matrem,
650 2902 837 2966 liberalitate
859 2903 893 2966 in
915 2922 1046 2982 sorores,
1065 2896 1249 2968 bonitatein

232 3022 314 3083 suos,
338 3003 457 3066 iustitia
479 3004 512 3067 in
535 3005 668 3068 omnes?
698 3004 783 3068 Nota
805 3011 878 3069 sunt
900 3006 1000 3070 vobis.
1032 3003 1135 3080 Quam
1156 3010 1249 3070 auten
1294 3005 1295 3030 ¹

232 3104 352 3168 civitati
374 3125 465 3170 carus
487 3105 591 3186 fuerit,
606 3127 747 3170 maerore
761 3106 881 3172 funeris
902 3107 1075 3172 iudicatum
1098 3112 1155 3173 111.
1179 3097 1249 3183 Quid
1293 3102 1295 3114 ’

231 3207 327 3288 igitur
341 3206 425 3271 hunc
439 3228 611 3291 paucorum
625 3229 779 3275 annorum
801 3211 940 3276 accessio
962 3211 1071 3276 iuvare
1085 3203 1250 3295 potuisset?

232 3309 385 3375 Senectus
415 3311 500 3374 enim
530 3312 675 3393 quamvis
706 3333 769 3377 non
795 3313 837 3378 sit
857 3313 973 3397 gravis,
996 3320 1032 3378 ut
1052 3314 1183 3379 memini
1204 3311 1250 3378 Ga

231 3417 336 3476 tonem
367 3433 450 3477 anno
479 3419 563 3494 ante,
595 3434 689 3495 quam
720 3422 767 3480 111
796 3422 945 3498 mortuus,
976 3436 1098 3481 mecum
1129 3424 1161 3482 et
1191 3431 1251 3481 cum

232 3514 378 3597 Scipione
401 3515 563 3596 disserere,
579 3522 686 3582 tamen
709 3519 812 3584 aufert
835 3539 905 3584 eam
927 3519 1127 3600 viriditatem,
1143 3520 1177 3584 in
1199 3533 1251 3601 qua

185 3629 212 3676 12
232 3618 327 3680 etiam
348 3638 432 3682 nnnc
454 3626 521 3683 erat
535 3620 649 3703 Scipio.
674 3620 776 3697 Quam
799 3622 839 3687 ob
862 3643 929 3687 rem
951 3623 1019 3687 vita
1040 3622 1167 3704 quidem
1189 3617 1252 3687 ulis

231 3718 297 3784 fuit·
319 3722 371 3786 vel
399 3722 525 3787 fortuna
554 3724 605 3787 vel
637 3724 750 3807 gloria,
780 3731 815 3789 11
849 3725 928 3790 nihil
960 3733 1067 3811 posset
1098 3723 1251 3801 accedere,
