2610 4110
175 135 215 198 12
472 147 634 204 LAELIUS
650 148 700 202 DE
718 135 904 201 AMICITIA.

174 331 206 391 et
228 323 454 390 consuetudine
476 321 635 402 adiuncta,
653 320 766 402 quibus
786 321 880 384 rebus
900 317 941 382 ad
962 319 1049 382 illum
1071 318 1197 402 primum

173 435 292 494 motum
321 427 418 491 animi
449 432 480 490 et
506 425 621 489 amoris
648 423 799 488 adhibitis
826 421 1021 486 admirabilis
1049 421 1197 504 quaedam

174 531 352 596 exardescit
366 529 599 596 benivolentiae
614 526 809 611 magnitudo.
841 525 943 602 (luam
966 525 993 590 si
1017 525 1071 607 qui
1092 529 1196 608 putant

173 634 214 698 ab
243 634 448 698 inbecillitate
474 630 639 716 proficisci,
666 637 701 694 ut
730 629 779 711 sit,
807 649 865 713 per
892 648 985 710 quem
1014 625 1196 709 adsequatur

174 736 258 820 quod
281 738 413 818 quisque
436 734 602 815 desideret,
622 733 772 797 humilem
795 752 872 798 sane
893 731 1077 812 relinquunt
1099 737 1132 796 et
1152 729 1195 794 mi·

173 841 259 904 nime
287 859 485 924 generosum,
512 844 547 902 ut
572 839 618 901 ita
644 836 757 917 dicam,
785 841 888 902 ortum
916 834 1085 915 amicitiae,
1114 854 1195 917 quam

175 963 215 1007 ex
241 943 349 1027 inopia
373 947 469 1024 atque
495 940 672 1025 indigentia
698 945 807 1003 natam
833 939 952 1004 volunt.
999 936 1092 1014 Quod
1115 938 1141 1002 si
1160 937 1195 1000 ita

175 1052 267 1128 esset,
289 1053 324 1110 ut
351 1047 482 1129 quisque
509 1044 673 1108 minimum
701 1063 770 1109 esse
797 1043 832 1107 in
859 1062 894 1108 se
920 1041 1135 1122 arbitraretur,
1160 1040 1194 1104 ita

173 1150 216 1214 ad
244 1150 415 1215 amicitiam
445 1154 527 1214 esset
556 1148 758 1232 aptissimus3
789 1146 873 1228 quod
902 1146 996 1228 longe
1026 1165 1119 1211 secus
1148 1149 1192 1209 est.

122 1274 156 1321 ao
174 1254 218 1319 Ut
248 1254 333 1319 enim
363 1254 495 1335 quisque
524 1250 584 1317 sibi
610 1251 780 1336 plurimum
803 1249 941 1330 confidit,
966 1254 997 1314 et
1019 1255 1054 1313 ut
1077 1249 1193 1331 quisque

174 1357 312 1422 maxime
340 1357 456 1421 virtute
487 1363 518 1421 et
547 1356 704 1439 sapientia
733 1355 780 1420 sic
808 1356 947 1420 munitus
978 1361 1035 1436 est,
1058 1361 1095 1419 ut
1121 1353 1194 1418 nullo

174 1467 267 1543 egeat
296 1480 416 1542 suaque
445 1460 550 1525 omnia
579 1459 612 1522 in
643 1479 677 1523 se
705 1458 775 1542 ipso
804 1457 908 1542 posita
937 1456 1069 1538 iudicet,
1100 1457 1144 1522 ita
1169 1457 1194 1520 in

174 1564 320 1628 amicitiis
347 1562 533 1647 expetendis
557 1562 758 1644 colendisque
780 1561 919 1626 maxime
943 1560 1078 1626 excellit.
1125 1557 1195 1638 Quid

175 1667 284 1731 enim?
314 1665 483 1730 Africanus
505 1664 653 1748 indigens
675 1665 762 1730 mei?
793 1665 923 1728 Minime
944 1663 1082 1745 hercule,
1106 1685 1144 1730 ac
1164 1681 1196 1727 ne

176 1789 234 1852 ego
257 1768 384 1852 quidem
406 1769 505 1853 illius;
533 1767 591 1833 sed
613 1788 671 1852 ego
694 1767 902 1833 admiratione
925 1767 1063 1851 quadam
1087 1767 1196 1832 virtutis

176 1874 253 1953 eius,
275 1873 328 1938 ille
351 1873 489 1937 vicissim
512 1873 660 1956 opinione
686 1872 820 1936 fortasse
843 1892 908 1936 non
930 1872 1027 1953 nulla,
1052 1892 1146 1954 quam
1166 1870 1196 1934 de

175 1976 255 2041 meis
276 1976 414 2040 moribus
436 1975 584 2055 habebat,
607 1995 658 2039 me
686 1974 815 2058 dilexit3
842 1974 933 2038 auxit
961 1975 1196 2040 benivolentiam

177 2078 377 2144 consuetudo.
406 2077 471 2144 Sed
491 2098 681 2159 quamquam
703 2078 855 2143 utilitates
877 2078 995 2142 multae
1019 2084 1050 2142 et
1073 2094 1196 2162 magnae

177 2189 362 2248 consecutae
388 2188 471 2261 sunt,
495 2201 558 2245 non
586 2187 658 2245 sunt
685 2187 792 2245 tamen
818 2180 859 2245 ab
884 2200 991 2245 earum
1014 2200 1072 2264 spe
1095 2198 1197 2245 causae

59 2334 69 2341 .
124 2311 156 2358 31
176 2284 327 2369 diligendi
343 2285 511 2368 profectae.
536 2284 579 2348 Ut
599 2283 683 2347 enim
701 2282 838 2348 benefici
859 2284 1069 2364 liberalesque
1091 2300 1197 2360 sumus,

176 2409 238 2453 non
262 2394 296 2451 ut
319 2388 485 2469 exigamus
504 2387 638 2470 gratiam
654 2385 771 2471 (neque
787 2387 872 2451 enim
894 2385 1084 2452 beneficium
1106 2386 1203 2466 faena-⁴

176 2511 289 2570 ramur,
314 2488 370 2555 sed
391 2496 505 2554 natura
526 2491 675 2574 propensi
697 2489 739 2554 ad
761 2490 981 2576 liberalitatem
1008 2489 1141 2576 sumus),
1163 2488 1199 2554 sic

176 2594 346 2658 amicitiam
377 2614 441 2659 non
471 2614 527 2677 spe
557 2593 711 2658 mercedis
739 2592 882 2674 adducti,
906 2592 963 2658 sed
993 2592 1078 2675 quod
1107 2590 1199 2658 omnis

177 2698 244 2761 eius
270 2697 389 2761 fructus
415 2696 449 2760 in
475 2697 544 2780 ipso
570 2716 677 2760 amore
699 2696 791 2776 inest,
815 2695 1027 2780 expetendam
1051 2703 1198 2781 putamus.

125 2823 158 2871 32
176 2801 225 2864 Ab
240 2799 299 2879 his,
317 2800 370 2880 qui
385 2798 541 2882 pecudum
563 2799 625 2862 ritu
648 2796 690 2862 ad
712 2798 906 2882 voluptatem
930 2799 1036 2864 omnia
1059 2799 1199 2876 referunt,

175 2904 269 2986 longe
298 2900 497 2983 dissentiunt,
525 2921 585 2965 nec
615 2902 745 2986 mirum3
776 2902 855 2966 nihil
885 2902 970 2966 enim
1000 2903 1109 2984 altum,
1133 2899 1201 2967 mihil

175 3004 378 3088 magnifieum
396 3024 435 3068 ac
450 3004 592 3068 divinum
608 3006 766 3089 suspicere
781 3011 922 3089 possunt,
940 3007 994 3087 qui
1010 3026 1084 3072 suas
1099 3023 1202 3072 omnes

176 3108 381 3192 cogitationes
403 3107 585 3172 abiecerunt
607 3109 640 3172 in
662 3129 729 3173 rem
748 3115 814 3172 tam
829 3109 978 3174 humilem
993 3116 1123 3193 tamque
1138 3129 1204 3176 con·

176 3218 335 3294 temptam.
381 3209 483 3285 Quam
510 3211 549 3277 ob
576 3232 644 3276 rem
670 3212 728 3276 hos
755 3211 882 3293 quidem
908 3212 949 3301 ab
977 3213 1038 3279 hoc
1064 3230 1206 3279 sermone

175 3333 400 3394 removeamus,
423 3314 484 3398 ipsi
511 3320 616 3378 autern
644 3314 863 3399 intellegamus
889 3321 1003 3380 matura
1024 3316 1115 3400 gigni
1143 3336 1207 3382 sen-

175 3439 245 3483 sum
267 3416 419 3500 diligendi
442 3424 473 3481 et
495 3417 727 3482 benivolentiae
751 3418 913 3482 caritatem
940 3417 1026 3483 facta
1053 3419 1208 3503 significa

175 3521 259 3584 tione
281 3519 454 3602 probitatis.
479 3517 580 3594 Quam
604 3520 657 3602 qui
680 3519 911 3604 adpetiverunt,
935 3522 1096 3605 adplicant
1121 3543 1157 3589 se
1179 3526 1211 3589 et

174 3622 303 3706 propius
324 3619 503 3703 admovent,
530 3630 565 3687 ut
587 3630 618 3687 et
640 3643 699 3688 usu
722 3623 799 3703 eius,
823 3643 916 3704 quem
943 3622 1075 3708 diligere
1102 3645 1211 3711 coepe

160 3735 249 3804 runt,
281 3723 431 3790 fruantur
461 3733 493 3792 et
523 3725 665 3792 moribus
698 3727 825 3809 sintque
852 3746 949 3809 pares
976 3727 1017 3789 in
1041 3747 1150 3794 amore
1180 3734 1212 3795 et
