2610 4110
464 192 547 247 oAP.
560 195 601 261 15,
615 195 655 248 rc.
674 195 812 257 est-co.
1111 177 1151 263 21

121 374 184 447 tur,
207 372 242 431 ut
263 365 302 431 iis
324 364 418 428 amici
439 364 544 447 potius
567 382 662 445 quam
683 363 745 446 ipsi
766 363 919 428 fruantur.
956 365 1065 429 Altera
1086 385 1155 430 sen·
1171 377 1203 426 os

122 469 225 533 tentia
248 473 305 547 θεῖ,
328 486 409 548 quae
432 464 541 529 definit
563 465 733 530 amicitiam
755 467 884 550 paribus
910 466 1021 532 officiis
1043 487 1081 531 ac
1103 488 1154 532 vo

122 570 307 635 luntatibus.
352 569 420 633 Hoc
443 567 570 650 quidem
592 574 640 632 est
661 569 755 633 nimis
778 569 893 652 exigue
915 575 947 633 et
968 570 1091 634 exiliter
1111 569 1154 635 ad

124 672 262 738 calculos
287 690 401 735 vocare
427 671 608 750 amicitiam,
636 676 670 733 ut
696 690 754 754 par
783 671 823 735 sit
851 671 930 736 ratio
956 678 1154 755 acceptorum

125 781 156 839 et
185 774 339 838 datorum.
384 772 518 838 Divitior
549 771 626 835 mibi
656 779 687 837 θῖ
716 771 903 837 adfluentior
931 772 1056 838 videtur
1084 793 1154 838 θεεθ

123 897 201 942 vera
230 875 370 940 amicitia
399 894 459 939 nec
488 875 656 941 observare
686 874 842 956 restricte,
872 894 913 939 ne
942 876 1013 959 plus
1041 874 1154 940 reddat

124 999 220 1062 quam
239 976 411 1061 acceperit3
435 996 537 1058 neque
561 977 645 1041 enim
667 976 840 1042 verendum
863 983 920 1058 est,
940 997 981 1042 ne
1004 977 1079 1060 quid
1101 998 1153 1042 ex-

124 1080 219 1160 cidat,
241 1085 296 1143 aut
318 1100 359 1144 ne
382 1077 458 1161 quid
479 1079 513 1143 in
535 1085 650 1143 terram
671 1078 799 1160 defluat,
819 1085 874 1142 aut
895 1099 936 1143 ne
958 1080 1028 1162 plus
1051 1100 1153 1161 aequo

124 1182 200 1264 quid
223 1182 257 1246 in
278 1181 448 1246 amicitiam
471 1187 665 1263 congeratur.
689 1182 813 1246 Tertius
835 1201 909 1246 vero
931 1181 985 1245 ille
1006 1181 1079 1246 finis
1102 1181 1153 1246 de·
1170 1193 1203 1242 oe

123 1286 279 1366 tcrrimus,
302 1291 345 1365 ut,
370 1284 479 1366 quanti
502 1284 635 1366 quisque
657 1284 781 1368 seipse
803 1284 909 1364 faciat,
932 1285 1012 1348 tanti
1034 1284 1089 1348 fiat
1110 1285 1151 1349 ab

123 1387 243 1452 amicis.
282 1387 385 1469 Saepe
408 1386 547 1451 enimin
570 1386 756 1468 quibusdam
778 1393 832 1450 aut
853 1386 978 1451 animus
1004 1387 1153 1451 abiectior

123 1496 172 1554 est
198 1495 254 1553 aut
281 1508 353 1573 spes
380 1488 621 1572 amplificandae
650 1488 794 1553 fortunae
824 1488 960 1554 fractior.
1005 1490 1077 1554 Non
1105 1494 1152 1555 est

123 1592 220 1674 igitur
241 1591 335 1656 amici
357 1592 453 1655 talem
476 1611 545 1656 esse
567 1591 601 1656 in
623 1611 704 1671 eum,
721 1592 821 1672 qualis
843 1591 896 1655 ille
917 1591 951 1655 in
973 1611 1008 1656 εθ
1023 1596 1080 1673 θεῖ,
1096 1590 1154 1656 sed

123 1695 228 1777 potius
255 1693 332 1759 eniti
360 1699 391 1758 et
418 1693 552 1773 efficere,
576 1699 610 1757 ut
636 1694 730 1757 amici
755 1693 911 1758 iacentem
937 1694 1077 1758 animum
1099 1713 1152 1758 ex-

123 1797 199 1861 oitet
210 1794 402 1876 inducatque
418 1795 453 1856 ia
468 1814 558 1879 spem
574 1796 856 1879 cogitationemque
871 1796 1038 1861 meliorem.
1062 1797 1152 1861 Alius

123 1899 218 1982 igitur
247 1897 319 1962 finis
347 1917 443 1962 verae
472 1897 629 1962 amicitiae
656 1897 891 1962 constituendus
918 1903 974 1979 θεῖ,
1001 1899 1028 1963 si
1054 1899 1151 1982 prius,

124 2000 199 2081 quid
232 2001 370 2065 maxime
403 1998 633 2084 reprehendere
666 2000 772 2083 Scipio
806 2000 913 2065 solitus
946 2001 996 2081 sit,
1031 2000 1149 2066 dixere.

124 2105 271 2185 Negabat
293 2103 389 2166 ubam
410 2122 521 2168 vocem
542 2102 747 2166 inimiciorem
768 2102 926 2167 amicitiae
949 2103 1088 2186 potuisse
1106 2124 1152 2168 re-

123 2207 217 2289 periri
240 2225 334 2287 quam
357 2207 435 2287 eius,
458 2206 512 2287 qui
534 2204 666 2270 dixisset
690 2206 737 2270 ita
762 2225 868 2270 amare
894 2212 1045 2289 oportere,
1067 2212 1102 2270 ut
1124 2207 1152 2271 si

124 2308 293 2390 aliquando
323 2314 406 2373 θεεθῖ
435 2327 561 2392 osurus;
592 2328 651 2373 nec
680 2328 756 2375 vero
786 2329 820 2373 se
847 2307 962 2373 adduci
988 2328 1090 2393 posse,
1117 2316 1152 2373 ut

124 2410 193 2490 hoc,
216 2431 310 2491 quem
336 2409 378 2473 ad
404 2409 531 2473 modum
558 2417 728 2492 putaretur,
752 2431 773 2475 a
797 2411 911 2475 Biante
938 2431 1007 2476 esse
1033 2411 1151 2477 dictum

126 2511 277 2592 crederet,
301 2512 355 2593 qui
377 2513 505 2595 sapiens
526 2510 654 2576 babitus
677 2519 760 2577 esset
780 2533 863 2577 unus
885 2533 903 2576 e
930 2520 1066 2598 septem3
1097 2515 1151 2578 im·

123 2615 193 2698 puri
216 2612 380 2678 cuiusdam
400 2621 456 2678 aut
477 2614 635 2678 ambitiosi
657 2620 711 2679 aut
734 2615 840 2682 omnia
861 2614 903 2678 ad
929 2635 1018 2679 suam
1045 2621 1151 2699 poten-

123 2718 199 2780 tiam
225 2719 403 2781 revooantis
431 2735 500 2781 θεεθ
527 2717 725 2780 sententiam.
771 2715 915 2792 Quonam
944 2717 1029 2780 enim
1058 2716 1151 2783 modo

124 2819 289 2900 quisquam
312 2818 432 2883 amicus
455 2838 523 2884 θεεθ
546 2820 659 2902 poterit
681 2820 720 2899 ei,
737 2820 787 2883 oui
802 2839 836 2883 se
852 2819 974 2902 putabit
989 2819 1152 2884 inimicum

124 2940 193 2987 θεεθ
219 2921 338 3005 posse?
383 2919 467 2996 Quin
491 2921 586 2985 etiam
607 2941 738 2986 neeesse
760 2922 819 2986 erit
841 2941 955 3003 cupere
978 2927 1009 2986 et
1031 2929 1150 3005 optare,

122 3031 158 3088 ut
188 3044 282 3106 quam
309 3024 474 3106 sepissime
502 3030 611 3106 peccet
637 3025 766 3104 amicus,
791 3044 851 3106 quo
878 3024 983 3108 plures
1010 3022 1063 3088 det
1089 3025 1151 3089 sibi

122 3132 283 3207 tamquam
297 3146 393 3191 ansas
407 3125 449 3190 ad
464 3125 772 3210 reprehendendum
796 3147 922 3191 rursum
940 3133 1045 3190 autem
1067 3133 1151 3192 reete

122 3229 215 3293 factis
243 3229 476 3310 commodisque
502 3229 672 3293 amicorum
694 3249 824 3294 necesse
847 3230 906 3294 erit
927 3229 1012 3313 angi,
1036 3229 1150 3310 dolere,

122 3329 273 3395 invidere.
320 3329 423 3405 Quare
449 3330 508 3395 boo
536 3330 662 3412 quidem
688 3339 900 3415 praeceptum,
928 3331 1150 3413 cuiuscumque
1169 3346 1201 3394 60

122 3439 180 3513 θεῖ,
207 3432 250 3497 ad
275 3432 446 3497 tollendam
473 3433 644 3497 amicitiam
670 3436 771 3518 valet3
803 3433 879 3499 illud
904 3434 1007 3517 potius
1034 3435 1151 3517 praeci-

122 3533 273 3619 piendum
300 3534 370 3615 fuit,
392 3541 427 3598 ut
455 3554 525 3599 eam
551 3534 747 3618 diligentiam
773 3536 993 3600 adhiberemus
1015 3536 1053 3619 in
1076 3536 1150 3599 ami-

121 3637 205 3703 citiis
220 3635 447 3720 comparandis,
463 3644 498 3701 ut
515 3638 697 3720 nequando
719 3658 825 3702 amare
844 3639 1056 3720 inciperemus
1068 3658 1161 3714 eum„

121 3758 213 3819 quem
234 3738 404 3820 aliquando
427 3738 532 3807 odisse
556 3762 734 3828 possemus.
770 3741 861 3821 Qu'm
883 3741 1002 3818 eiiam„
1018 3738 1054 3800 εὶ
1070 3735 1188 3796 minus
