2610 4110
402 121 484 176 cAP.
495 125 537 190 ao,
551 125 592 176 21.
611 125 625 185 s
645 124 754 176 us-ro.
847 111 849 117 ’
1054 104 1094 166 27

54 297 156 362 bitur.
184 295 361 378 Erumpunt
376 313 471 377 saepe
487 293 564 356 vitia
578 292 750 356 amicorum
771 297 838 355 tum
859 290 894 355 in
915 290 1001 375 ipsos
1021 290 1097 354 ami·

10 406 12 471 i
54 419 125 481 coo,
152 405 218 463 tum
241 398 274 461 in
296 397 425 477 alienos,
450 416 582 476 quorum
603 401 710 458 tamen
731 394 773 459 ad
799 394 917 458 amieos
942 393 1097 459 redundet

10 528 12 549 =
55 500 206 565 infamia.
230 499 324 564 Tales
336 499 432 581 igitur
446 497 603 562 amicitiae
619 504 692 562 sunt
707 497 890 561 remissione
904 516 980 561 usus
995 497 1097 561 eluen-

54 604 124 668 dae
143 609 184 683 et,
199 610 235 667 ut
251 603 403 667 Catonem
423 601 529 665 dicere
547 599 666 680 audivi,
683 599 872 664 dissuendae
885 600 987 683 magis
1003 619 1097 681 quam

55 704 308 785 discindendae,
340 704 401 769 nisi
432 702 587 785 quaedam
617 702 787 767 admodum
816 702 1021 767 intolerabilis
1052 703 1096 766 in·

54 809 145 873 iuria
164 808 327 888 exarserit,
343 814 378 871 ut
396 826 499 887 neque
521 812 640 870 rectum
663 825 765 887 neque
787 805 953 870 honestum
976 806 1017 870 sit
1038 826 1097 870 nec

54 911 132 975 fieri
148 910 256 994 possit,
272 916 308 973 ut
328 931 393 976 non
416 910 521 974 statim
544 909 691 973 alienatio
707 908 936 989 disiunctioque
950 908 1097 973 facienda

10 1090 12 1101 Ι
56 1014 111 1080 sit.
160 1013 218 1078 Sin
247 1018 354 1077 autem
382 1018 437 1076 aut
466 1032 589 1076 morum
618 1018 671 1075 aut
698 1010 870 1076 studiorum
897 1013 1096 1079 commutatio
1116 1027 1148 1075 77

10 1168 12 1191 ,
60 1115 234 1198 quaedam,
262 1122 297 1179 ut
323 1115 390 1178 fieri
417 1115 505 1192 solet,
532 1113 618 1179 sacta
648 1114 706 1178 erit
735 1120 790 1177 aut
818 1114 850 1176 in
880 1114 926 1178 rei
952 1116 1097 1197 publicae

10 1212 12 1293 ἓ
55 1218 209 1302 partibus
224 1217 379 1282 dissensio
395 1217 607 1281 intercesserit
622 1216 744 1302 (loquor
763 1217 847 1281 enim
865 1217 939 1298 iam,
955 1225 989 1281 ut
1004 1219 1097 1302 paulo
1142 1253 1144 1258 ·

10 1332 12 1345 '
57 1327 142 1386 ante
165 1319 242 1401 dixi,
266 1340 330 1384 non
353 1319 393 1385 de
416 1320 615 1404 sapientium,
639 1319 695 1384 sed
722 1319 762 1384 de
785 1320 1002 1385 communibus
1023 1321 1097 1385 ami-

57 1420 172 1507 citiis),
188 1422 364 1488 cavendum
388 1423 454 1503 erit,
474 1442 516 1486 ne
538 1443 601 1486 non
624 1422 723 1488 solum
744 1423 902 1486 amicitiae
924 1422 1095 1506 depositae,

58 1524 234 1591 sedetiam
256 1525 428 1590 inimicitae
451 1531 616 1610 susceptae
638 1524 818 1611 videantur3
843 1525 921 1589 nihil
943 1527 1027 1591 enim
1049 1534 1098 1591 est

59 1627 188 1712 turpius
212 1648 306 1710 quam
329 1649 400 1692 cum
423 1648 460 1692 eo
482 1628 599 1692 bellum
620 1648 739 1712 gerere,
756 1648 889 1710 quocum
904 1628 1098 1693 familiariter

58 1731 195 1796 vixeris.
221 1731 272 1794 Ab
295 1731 433 1794 amicitia
455 1729 492 1806 Q.
509 1731 640 1815 Pompei
662 1751 732 1795 meo
754 1731 880 1796 nomine
903 1751 937 1796 se
959 1752 1097 1797 remove-

59 1840 124 1915 rat,
147 1840 183 1898 ut
205 1834 301 1914 scitis,
325 1834 447 1918 Scipio,
478 1841 605 1917 propter
627 1833 855 1899 dissensionem
877 1841 991 1916 autem,
1015 1855 1097 1917 quae

62 1943 135 2000 erat
160 1937 194 2000 in
220 1957 255 2001 re
281 1937 417 2021 publica,
447 1937 603 2000 alienatus
633 1943 681 2001 est
710 1958 730 2000 a
760 1938 879 2021 collega
908 1945 1013 2003 nostro
1035 1939 1097 2002 Me·

61 2039 156 2123 tello;
190 2047 357 2121 utrumque
389 2039 454 2122 egit
480 2040 618 2122 graviter
644 2045 676 2103 et
701 2040 873 2105 offensione
902 2041 999 2104 animi
1032 2062 1096 2105 non

61 2143 190 2206 acerba.
226 2140 329 2217 Quam
352 2143 391 2206 ob
414 2161 480 2206 rem
502 2142 637 2226 primum
660 2141 766 2205 danda
787 2161 882 2225 opera
905 2148 962 2223 est,
978 2163 1019 2206 ne
1035 2164 1096 2225 qua
1115 2158 1148 2206 78

62 2244 238 2310 amicorum
269 2244 403 2309 discidia
434 2243 529 2329 fiant;
564 2245 614 2308 sin
643 2244 706 2308 tale
733 2244 852 2325 aliquid
883 2247 1032 2327 evenerit,
1062 2255 1098 2311 ut

64 2348 227 2412 extinctae
256 2348 359 2432 potius
396 2348 554 2412 amicitiae
589 2368 683 2429 quam
720 2367 888 2432 oppressae
921 2349 1095 2416 videantur.

65 2451 252 2516 Cavendum
268 2471 353 2531 vero,
369 2471 410 2514 ne
426 2451 521 2516 etiam
536 2452 569 2514 in
585 2471 698 2534 graves
713 2451 893 2517 inimicitias
913 2460 1097 2518 convertant

64 2572 102 2617 se
121 2553 294 2637 amicitiae,
327 2573 368 2617 ex
395 2553 508 2635 quibus
533 2554 650 2636 iurgia,
682 2553 862 2635 maledicta,
890 2557 1097 2620 contumeliae

63 2655 248 2738 gignuntur.
297 2655 385 2731 Quae
416 2661 521 2720 tamen
553 2656 579 2720 si
610 2656 787 2721 tolerabiles
817 2663 916 2737 erunt,
947 2655 1097 2722 ferendae

65 2764 151 2838 sunt,
180 2765 211 2823 et
233 2758 285 2822 hio
308 2758 407 2823 honos
429 2759 528 2823 veteri
558 2758 714 2823 amicitiae
743 2759 935 2840 tribuendus,
958 2766 993 2823 ut
1015 2760 1042 2825 is
1063 2761 1097 2824 in

65 2861 161 2944 culpa
183 2861 233 2942 sit,
258 2862 312 2943 qui
333 2861 439 2942 faciat,
460 2881 524 2925 non
546 2862 583 2943 is,
607 2863 660 2942 qui
681 2862 819 2945 patiatur
840 2862 993 2926 iniuriam.

155 2963 290 3029 Omnino
321 2964 460 3028 omnium
490 2963 600 3027 horum
629 2963 774 3028 vitiorum
804 2970 899 3046 atque
931 2965 1098 3030 incommo-

66 3065 179 3130 dorum
205 3087 269 3130 una
296 3067 398 3131 cautio
425 3073 473 3131 est
498 3073 593 3148 atque
620 3087 683 3130 una
709 3067 913 3150 provisioni
938 3069 1098 3134 ne'nimis

66 3168 130 3232 cito
157 3167 289 3252 diligere
316 3169 469 3251 incipiant
499 3188 580 3234 neve
607 3189 670 3233 non
698 3169 819 3252 dignos.
865 3169 963 3252 Digni
992 3179 1098 3235 autem
1116 3185 1149 3232 re

66 3277 143 3336 sunt
169 3272 318 3352 amicitia,
343 3273 456 3353 quibus
481 3271 515 3335 in
542 3272 620 3355 ipsis
647 3271 729 3336 inest
755 3293 860 3352 causa,
889 3293 943 3336 eur
969 3274 1098 3358 diligan-

66 3381 127 3438 tur.
151 3375 270 3438 Rarum
292 3395 402 3457 genus,
426 3380 457 3438 et
481 3373 606 3455 quidem
630 3374 734 3438 omnia
755 3375 916 3457 praeclara
937 3396 1017 3457 rara,
1039 3398 1099 3441 nec

68 3475 239 3558 quiequam
271 3476 429 3541 dit'fieilius
459 3497 553 3557 quam
583 3477 729 3560 reperire,
760 3477 844 3558 quod
874 3478 914 3541 sit
943 3479 1027 3542 omni
1057 3500 1098 3544 ex

65 3584 159 3663 parte
186 3579 219 3642 in
247 3600 305 3644 suo
326 3600 442 3662 genere
464 3578 647 3663 perfectum.
693 3579 756 3643 Sed
779 3580 918 3663 plerique
941 3601 1043 3662 neque
1066 3584 1098 3646 in

67 3681 165 3746 rebus
187 3681 333 3746 humanis
356 3683 523 3764 quiequam
546 3681 663 3746 bonum
685 3690 814 3765 norunt,
833 3683 899 3746 nisi
917 3683 1008 3763 quod
1022 3685 1107 3745 irue-
