2610 4110
459 143 541 198 cAP.
555 147 631 198 5-7.
649 146 787 208 sao-24.
1114 128 1134 192 9

103 318 242 383 amicitia
263 337 314 383 res
335 317 487 400 plurimas
510 316 657 381 continet.
683 307 815 397 Quoquo
837 322 870 380 te
892 318 1034 397 verteris,
1050 337 1136 401 prae·

103 427 147 485 sto
179 427 237 500 est,
268 421 353 484 nullo
383 420 451 484 loco
481 419 667 499 excluditur,
699 439 870 501 numquam
902 420 1135 503 intempestiva,

103 542 272 605 numquam
302 523 435 587 molesta
465 528 529 605 est,
560 522 667 602 itaque
697 542 761 586 non
791 542 885 603 aqua,
908 543 971 587 non
1002 523 1078 606 igni,
1102 530 1136 587 ut

103 625 199 706 aiunt,
222 626 300 692 locis
326 625 469 709 pluribus
492 625 608 689 utimur
631 645 724 706 quarn
747 625 895 689 amicitia.
941 627 1053 706 Neque
1076 646 1136 708 ego

103 749 185 793 nunc
212 728 252 794 dc
279 729 403 813 vulgari
429 735 484 792 aut
511 726 550 792 de
577 726 737 808 mediocri,
766 748 847 809 quae
874 735 982 793 tamen
1008 729 1078 812 ipsa
1105 735 1137 793 et

103 829 236 896 delectat
259 839 290 896 et
312 831 449 916 prodest,
470 830 526 896 sed
549 830 589 895 de
612 852 688 896 vera
710 839 742 895 et
765 831 906 914 perfecta
926 832 1045 913 loquor,
1062 852 1136 912 qua-

103 934 136 998 is
156 954 279 1015 eorum,
295 935 349 1016 qui
371 935 464 1018 pauci
486 935 697 1014 nominantur,
718 934 786 998 suit.
818 936 902 998 Nam
925 941 956 998 et
979 934 1135 1000 secundas

103 1057 149 1103 res
165 1037 396 1122 splendidiores
411 1037 488 1102 facit
503 1037 643 1102 amicitia
662 1043 693 1102 et
714 1036 866 1103 adversas
889 1037 1029 1120 partiens
1052 1057 1134 1102 com·

103 1142 327 1222 nunicansque
360 1141 503 1207 leviores.
557 1141 699 1223 Cumque
732 1141 884 1224 plurimas
918 1146 950 1205 et
979 1142 1134 1207 maximas

103 1244 337 1309 commoditates
359 1244 499 1308 amicitia
513 1243 690 1323 contineat,
713 1248 779 1307 turn
802 1243 856 1307 illa
877 1243 1024 1307 nimirum
1047 1264 1135 1328 prae-

103 1352 162 1410 stat
184 1347 340 1427 omnibus,
364 1346 448 1428 qnod
473 1348 590 1411 bonam
616 1366 706 1430 spem
728 1347 888 1429 praelucet
914 1346 948 1410 in
975 1352 1135 1431 posterum

103 1469 158 1513 uec
185 1448 343 1515 debilitari
369 1449 493 1514 animos
519 1455 573 1513 aut
600 1448 714 1513 cadere
740 1448 866 1533 patitur.
905 1450 1023 1514 Verum
1050 1451 1134 1516 enim

103 1552 235 1616 amicum
258 1552 312 1634 qui
333 1552 481 1633 intuetur,
504 1558 667 1633 tamquam
694 1551 856 1636 exemplar
881 1552 1010 1634 aliquod
1036 1553 1134 1617 intue-

103 1659 149 1718 tur
170 1655 227 1720 sui.
274 1654 427 1730 Quocirca
450 1661 481 1719 et
502 1655 651 1719 absentes
679 1654 795 1719 adsunt
822 1661 853 1719 et
881 1661 1011 1738 egentes
1038 1655 1134 1720 abun-

103 1755 176 1822 dant
207 1764 239 1822 et
267 1758 406 1822 inbecilli
436 1758 545 1823 valent
575 1764 620 1838 et,
650 1756 734 1840 quod
765 1757 925 1824 difficilius
955 1758 1042 1824 dictu
1075 1767 1132 1858 est,

103 1861 211 1925 mortui
241 1861 370 1946 vivunt3
400 1866 507 1926 tantus
536 1881 590 1926 eos
619 1860 729 1942 honos,
759 1861 920 1942 memoria,
944 1861 1134 1927 desiderium

103 1965 294 2046 prosequitur
321 1965 501 2029 amicorum.
546 1965 597 2027 Ex
624 1985 686 2047 quo
713 1964 837 2028 illorum
863 1966 959 2030 beata
984 1985 1067 2030 mors
1090 1967 1133 2030 vi.

103 2066 198 2149 detur,
221 2067 333 2132 horum
360 2068 427 2132 vita
453 2065 629 2132 laudabilis.
676 2066 768 2142 Quod
795 2068 822 2132 si
845 2068 1001 2132 exemeris
1025 2088 1066 2133 ex
1089 2089 1133 2134 re-

103 2189 165 2234 rum
188 2177 301 2235 natura
323 2171 557 2236 benivolentiae
574 2170 836 2251 coniunctionem,
852 2190 912 2236 nec
935 2169 1046 2235 domus
1069 2171 1133 2235 ulla

103 2291 157 2337 nec
178 2275 253 2338 urbs
277 2280 359 2338 stare
382 2274 505 2357 poterit,
528 2294 570 2338 ne
595 2274 664 2357 agri
688 2272 815 2356 quidem
843 2274 944 2338 cultus
970 2294 1133 2358 permane-

103 2374 153 2442 bit.
197 2376 236 2441 Id
258 2378 284 2442 si
306 2377 410 2441 minus
431 2377 632 2460 intellegitur,
657 2377 848 2459 quantavis
875 2377 1033 2442 amicitiae
1061 2397 1133 2444 con-

103 2480 285 2562 cordiaeque
301 2480 349 2560 sit,
368 2499 409 2543 ex
424 2478 674 2545 dissensionibus
696 2487 791 2561 atque
814 2501 855 2545 ex
879 2479 1043 2546 discordiis
1066 2501 1132 2565 per·

103 2582 160 2666 cipi
185 2589 298 2669 potest.
345 2583 434 2659 Quae
461 2583 546 2647 enirn
574 2582 685 2649 domus
710 2590 777 2648 tarn
804 2583 934 2665 stabilis,
960 2604 1040 2664 quae
1066 2591 1132 2648 tam

103 2684 186 2751 firma
216 2687 328 2752 civitas
359 2693 416 2767 est,
440 2706 521 2769 quae
551 2707 614 2751 non
644 2685 724 2751 odiis
755 2693 786 2751 et
817 2685 958 2751 discidiis
989 2686 1131 2751 funditus

103 2791 196 2871 possit
225 2791 348 2855 everti?
392 2791 443 2854 Ex
466 2810 537 2872 quo,
561 2795 712 2871 quantum
742 2789 817 2854 boni
847 2790 888 2853 sit
917 2789 950 2853 in
980 2789 1129 2869 amicitia,

103 2892 228 2959 iudicari
249 2902 359 2978 potest.
405 2895 649 2978 Agrigentinum
672 2892 799 2975 quidem
822 2892 949 2957 doctum
972 2893 1129 2976 quendam
1148 2919 1183 2967 24

103 2998 198 3063 virum
229 2999 420 3062 carminibus
451 2996 579 3062 Graecis
609 2996 828 3065 vaticinatum⁴
846 2996 960 3077 ferunt,
986 3016 1066 3079 qnae
1096 2997 1129 3060 in

103 3120 199 3166 rerum
226 3107 339 3165 natura
365 3106 493 3181 totoque
517 3099 634 3163 mundo
657 3104 837 3164 constarent
861 3118 1004 3180 quaeque
1027 3119 1130 3164 move-

102 3211 213 3285 rentur,
246 3224 284 3269 ea
314 3203 499 3268 contrahere
528 3202 708 3283 amicitiam,
741 3200 894 3286 dissipare
930 3202 1128 3268 discordiam.

103 3309 199 3389 Atque
225 3307 286 3372 hoc
313 3306 439 3388 quidem
467 3325 576 3370 omncs
603 3306 750 3370 mortales
777 3311 809 3371 et
830 3306 1019 3389 intellegunt
1042 3312 1074 3369 et
1095 3325 1130 3370 re

1153 1120 1168 1172 7

1152 1193 1187 1240 23

103 3412 237 3493 probant.
265 3412 387 3493 Itaque,
403 3410 430 3474 si
446 3408 572 3491 quando
595 3407 723 3491 aliquod
745 3409 882 3473 officium
906 3409 1011 3473 extitit
1034 3409 1129 3473 amici
1227 3399 1236 3415 ⁰

103 3513 128 3577 ln
150 3514 297 3599 periculis
323 3519 378 3577 aut
404 3511 559 3577 adeundis
585 3518 640 3575 aut
669 3511 947 3592 communicandis,
973 3512 1043 3593 quis
1071 3519 1129 3593 est,

103 3616 204 3697 quiid
226 3638 289 3681 non
313 3616 460 3680 maximis
484 3615 594 3680 efferat
608 3613 780 3678 laudibus?
805 3613 866 3690 Qui
890 3615 1042 3679 clamores
1064 3620 1130 3679 tota

103 3737 193 3801 cavea
222 3739 321 3803 nuper
352 3719 385 3783 in
414 3717 547 3801 hospitis
578 3724 609 3782 et
635 3717 729 3780 amici
757 3717 820 3782 mei
843 3718 883 3781 ll.
901 3718 1019 3782 Pacuvi
1046 3737 1130 3782 nova

1189 3476 1281 3874 l
