2610 4110
420 148 502 202 oar.
516 151 591 203 r-o.
610 151 747 212 sar-ao,
1058 131 1097 192 11

95 325 107 388 l
130 324 378 391 benivolentiam
401 322 660 406 coniungendam.
694 323 777 386 Nam
799 323 949 387 utilitates
972 321 1099 405 quidem

95 430 164 491 liam
187 430 228 493 ab
256 429 295 492 iis
321 427 537 512 percipiuntur
563 445 667 509 saepe,
691 426 744 507 qui
772 425 969 490 simulatione
995 425 1100 488 amici-

95 551 130 595 ae
157 531 301 596 coluntur
323 536 355 595 et
377 531 584 595 observantur
606 529 755 612 temporis
779 549 882 608 causa,
906 528 939 591 in
962 527 1100 591 amicitia

95 642 172 698 rtem
195 633 274 697 nihil
296 633 403 698 fictum
427 639 483 713 est,
503 632 582 696 nihil
604 632 784 696 simulatum
808 638 848 712 et,
868 630 1022 714 quidquid
1041 637 1098 710 est,

95 737 99 799 l
122 743 169 802 est
192 756 303 802 verum
326 743 357 800 et
380 736 598 801 voluntarium.
627 733 824 818 Quapropter
845 755 866 798 a
887 741 1000 798 natura
1021 734 1098 798 milri
1117 749 1150 797 2⁷

95 841 192 905 ldetur
218 840 440 923 potiusquam
466 841 506 904 ab
534 838 709 922 indigentia
736 843 804 903 orta
829 837 978 916 amicitia,
1001 837 1099 920 adpli-

95 945 189 1008 rtione
217 944 319 1026 magis
346 943 444 1006 animi
470 963 542 1007 cum
569 941 705 1023 quodam
732 961 827 1006 sensu
854 941 982 1004 amandi
1004 960 1099 1022 quam

95 1046 272 1130 ›gitatioue,
304 1052 455 1128 quantum
489 1046 542 1109 illa
575 1065 626 1110 res
656 1044 799 1108 utilitatis
830 1049 913 1107 esset
942 1042 1097 1108 habitura.

97 1148 158 1213 uod
182 1148 310 1229 quidem
333 1149 425 1229 quale
452 1148 492 1212 sit
520 1147 615 1211 otiam
636 1147 670 1211 in
693 1146 802 1211 bestiis
825 1145 1012 1228 quibusdam
1035 1146 1099 1209 aui-

95 1251 221 1316 adverti
247 1258 360 1335 potest,
385 1271 466 1333 quae
493 1271 533 1315 ex
561 1271 595 1316 se
622 1257 714 1316 natos
740 1251 785 1314 ita
810 1256 918 1314 amant
941 1250 983 1314 ad
1005 1248 1098 1332 quod-

95 1376 141 1419 am
164 1362 288 1439 tempus
312 1361 343 1420 et
365 1357 405 1420 ab
430 1356 475 1420 eis
497 1356 543 1419 ita
559 1361 713 1435 amantur,
729 1360 764 1418 ut
785 1354 879 1418 facile
902 1374 1009 1418 earum
1032 1373 1099 1418 sen-

95 1479 121 1523 is
150 1464 311 1542 appareat.
366 1457 457 1533 Quod
486 1458 519 1521 in
549 1458 676 1522 homine
706 1458 803 1522 multo
833 1463 881 1521 cst
911 1455 1097 1537 evidentius,

95 1562 202 1625 rimum
225 1582 266 1626 ex
290 1582 328 1626 ea
355 1561 493 1641 caritate,
518 1581 599 1643 quae
626 1567 674 1625 est
699 1561 782 1626 inter
807 1567 900 1625 natos
930 1567 962 1624 et
989 1580 1099 1643 paren-

95 1685 125 1743 s,
149 1684 230 1746 quae
253 1664 358 1728 dirimi
379 1664 442 1729 nisi
464 1663 644 1729 detestabili
667 1664 784 1729 scelere
806 1685 870 1729 non
896 1669 1017 1747 potest3
1048 1663 1099 1728 de-

95 1766 141 1831 rde
164 1788 235 1831 eum
258 1767 369 1832 similis
392 1787 504 1832 sensus
526 1768 632 1832 extitit
654 1768 778 1847 amoris
802 1767 828 1832 si
850 1767 987 1848 aliquem
1013 1767 1100 1831 nacti

95 1890 183 1951 rmus,
207 1870 296 1935 euius
323 1891 393 1934 cum
420 1870 559 1936 moribus
585 1877 617 1935 et
639 1877 752 1935 natura
774 1890 991 1954 congruamus,
1015 1870 1099 1952 quod

95 1994 103 2035 ι
124 1993 160 2038 eo
183 1973 273 2055 quasi
295 1974 401 2038 lumen
427 1972 555 2055 aliquod
580 1973 746 2057 probitatis
773 1979 805 2037 et
831 1973 955 2037 virtutis
982 1973 1099 2057 perspi-

95 2094 137 2140 rre
163 2076 336 2141 videamur.
381 2076 469 2141 Nihil
492 2084 539 2142 est
562 2077 646 2142 enirn
668 2077 783 2141 virtute
809 2077 986 2157 amabilius,
1009 2077 1097 2158 nihil,
1116 2087 1149 2135 28

95 2179 153 2242 uod
174 2180 277 2263 magis
299 2178 428 2244 adliciat
450 2179 493 2243 ad
515 2179 719 2263 diligendum,
741 2180 856 2264 quippe
880 2200 950 2243 cum
972 2186 1099 2263 propter

95 2280 215 2346 irtutem
242 2288 274 2346 et
300 2283 489 2367 probitatem
516 2284 612 2348 etiam
639 2303 702 2365 eos
728 2303 805 2366 quos
827 2303 998 2364 numquam
1021 2283 1099 2347 vidi·
1152 2344 1154 2349 .

95 2404 145 2465 rus,
169 2385 305 2466 quodam
328 2385 420 2450 modo
443 2385 619 2470 diligamus.
651 2385 729 2462 Quis
753 2392 810 2467 est,
834 2387 888 2468 qui
911 2387 944 2452 O.
962 2387 1098 2469 Fabrici,

95 2484 119 2550 l’.
143 2488 217 2552 Curi
246 2508 310 2552 non
340 2509 412 2552 cum
442 2488 571 2553 caritate
601 2489 707 2571 aliqua
736 2489 884 2554 benivola
916 2490 1098 2554 memoriam

95 2597 204 2673 supet,
229 2610 306 2672 quos
336 2611 508 2672 numquam
538 2589 676 2655 viderit?
726 2590 804 2666 uuis
831 2598 936 2655 autem
963 2599 1020 2672 est,
1045 2593 1098 2674 qui

96 2693 269 2774 arquinium
301 2694 492 2777 Superbum,
523 2693 576 2776 qui
607 2694 660 2777 Sp.
685 2695 842 2776 Cassium,
873 2694 926 2779 Sp.
950 2696 1097 2759 Maelium

95 2815 128 2859 on
154 2794 280 2860 oderit?
326 2797 404 2861 Cum
428 2796 550 2862 duobus
573 2796 706 2862 ducibus
733 2797 773 2862 dc
796 2798 927 2880 imperio
949 2799 983 2862 in
1005 2798 1098 2862 Italia

95 2905 114 2961 rt
135 2898 339 2982 decertatum,
363 2899 484 2983 Pyrrho
508 2907 539 2964 et
561 2900 756 2985 Hannibale;
787 2901 828 2965 ab
851 2901 948 2966 altero
971 2907 1099 2986 propter

95 3003 254 3067 robitatem
283 3004 349 3068 eius
376 3025 440 3068 non
467 3004 561 3069 nimis
583 3004 703 3070 alienos
725 3005 848 3070 animos
870 3005 1032 3086 habemus,
1056 3007 1098 3069 al-

95 3126 166 3168 uum
195 3111 323 3190 propter
355 3105 572 3171 crudelitatem
599 3127 724 3191 semper
750 3108 829 3173 haee
852 3108 963 3173 civitas
986 3109 1095 3173 oderit.

97 3208 156 3273 uod
179 3209 206 3273 si
227 3215 316 3273 tauta
338 3211 388 3274 vis
409 3210 575 3294 probitatis
597 3218 654 3291 est,
671 3217 705 3275 ut
728 3232 798 3276 eam
817 3212 867 3276 vel
890 3213 923 3275 in
947 3213 1002 3293 eis,
1020 3233 1098 3294 quos

95 3332 236 3393 amquam
259 3313 404 3394 vidimus,
428 3314 489 3394 vel,
514 3313 597 3395 quod
619 3315 721 3379 maius
744 3321 800 3395 est,
824 3315 857 3378 in
885 3314 976 3380 hoste
1003 3317 1097 3382 etiam

95 3415 242 3498 ligamus,
269 3415 346 3497 quid
368 3418 480 3481 mirum
504 3423 560 3497 cst,
584 3418 612 3481 si
638 3418 735 3481 animi
761 3418 923 3482 hominum
952 3440 1099 3485 movean-

95 3537 123 3598 u,
147 3539 358 3599 cumeorum,
382 3520 568 3601 quibuscum
595 3541 654 3585 usu
681 3520 838 3585 coniuncti
861 3541 931 3586 esse
954 3529 1096 3605 possunt,

95 3622 211 3685 lrtutem
236 3627 266 3686 et
288 3622 461 3687 bonitatem
485 3623 663 3706 perspicere
683 3623 874 3688 uideantur?
899 3623 1097 3706 Quamquam

95 3722 264 3788 infirmatur
286 3745 375 3789 amer·
398 3733 429 3790 ct
452 3725 604 3790 beneficio
620 3733 750 3809 accepto
767 3733 798 3791 ct
813 3727 916 3792 studio
931 3735 1096 3811 perspecto

1116 3188 1134 3241 9

1116 3262 1149 3308 29

1239 3744 1265 3873 l
