2610 4110
234 207 274 272 18
534 225 694 281 LAELIUS
712 226 762 280 DE
780 226 967 281 AMICITIA.

233 419 250 462 e
277 398 353 479 vita,
380 419 421 463 ne
447 400 569 481 aliquas
596 405 723 483 propter
750 420 820 464 eam
847 400 1054 485 suscipiamus
1081 399 1267 465 molestias?

233 501 317 578 Quid
344 502 425 565 enim
455 503 586 567 interest
613 509 699 567 motu
726 503 824 566 animi
851 505 974 568 sublato
1001 525 1065 568 non
1092 503 1164 568 dico
1187 503 1268 568 inter

232 605 387 689 pecudem
418 615 449 669 et
478 605 647 686 hominem,
672 605 729 670 sed
759 607 842 670 inter
870 607 1030 671 hominem
1061 613 1092 672 et
1121 612 1267 670 truncum

232 716 287 772 aut
314 724 426 774 saxum
453 715 508 772 aut
535 708 660 791 quidvis
686 710 812 793 generis
835 709 1001 774 eiusdem?
1046 711 1160 792 Neque
1184 710 1267 773 enim

232 819 306 877 sunt
327 813 380 876 isti
402 812 561 894 audiendi,
583 813 636 894 qui
659 813 807 877 virtutem
831 813 941 878 duram
965 819 996 878 et
1019 814 1108 895 quasi
1132 813 1267 877 ferream

233 936 302 980 esse
330 915 488 997 quandam
515 916 641 999 volunt;
673 935 754 997 quae
782 915 909 997 quidem
937 923 984 980 est
1011 937 1080 980 cum
1104 916 1214 980 multis
1236 916 1267 978 in

231 1021 336 1099 rebus,
367 1026 432 1083 tum
463 1019 496 1081 in
527 1019 666 1082 amicitia
696 1025 807 1083 tenera
835 1025 931 1100 atque
960 1019 1145 1100 tractabilis,
1172 1025 1209 1082 ut
1240 1024 1268 1082 et

232 1123 324 1189 bonis
351 1123 443 1186 amici
471 1123 561 1204 quasi
588 1121 782 1186 diffundatur
810 1129 841 1186 ct
867 1122 1073 1187 incommodis
1104 1121 1267 1187 contraha-

233 1233 291 1290 tur.
327 1225 429 1302 Quam
452 1228 490 1291 ob
514 1246 581 1289 rem
603 1245 703 1308 angor
725 1225 795 1305 iste,
819 1225 872 1306 qui
895 1246 951 1308 pro
974 1225 1075 1289 amico
1098 1244 1198 1308 saepe
1222 1244 1266 1288 ca·

232 1329 366 1414 piandus
397 1335 454 1409 est,
482 1350 545 1393 non
575 1334 698 1392 tantum
725 1329 819 1408 valet,
848 1335 884 1392 ut
909 1329 998 1393 tollat
1025 1349 1042 1392 1
1068 1328 1136 1392 vita
1161 1327 1266 1392 amici-

231 1434 318 1514 tiam,
342 1453 405 1497 non
432 1433 502 1516 plus
525 1453 620 1515 quam
645 1438 680 1495 ut
702 1432 843 1512 virtutes,
868 1432 941 1513 quia
964 1453 1027 1496 non
1049 1431 1153 1495 nullas
1176 1451 1267 1496 curas

233 1543 263 1601 et
285 1536 447 1601 molestias
469 1534 626 1616 adferunt,
648 1535 861 1619 repudientur.

180 1650 217 1702 11
319 1640 398 1704 Cum
426 1644 532 1702 autem
561 1636 724 1702 contrahat
751 1638 931 1720 amicitiam,
954 1645 989 1701 ut
1016 1657 1111 1721 supra
1138 1637 1219 1719 dixi,
1242 1636 1266 1702 si

233 1763 295 1824 qua
317 1741 506 1825 significatio
529 1741 653 1806 virtutis
676 1741 807 1822 eluceat,
830 1740 872 1804 ad
895 1761 989 1822 quam
1011 1760 1046 1805 se
1068 1741 1182 1805 similis
1204 1740 1267 1804 ani·

232 1864 301 1909 mus
323 1843 462 1928 adplicet
485 1849 516 1908 et
538 1843 699 1926 adiungat,
724 1843 756 1906 id
780 1864 851 1907 cum
874 1843 1014 1925 contigit,
1034 1863 1123 1908 amor
1146 1843 1266 1908 exoria-

179 1962 213 2009 41
232 1955 281 2012 tur
300 1966 430 2012 necesse
451 1952 507 2011 est.
537 1945 622 2022 Quid
637 1946 721 2010 enim
737 1952 802 2008 tam
817 1944 988 2010 absurdum
1005 1966 1099 2027 quam
1116 1946 1266 2012 delectari

231 2050 337 2115 multis
358 2050 506 2114 inanimis
528 2051 633 2130 rebus,
656 2055 690 2112 ut
712 2049 840 2130 honore,
863 2055 898 2113 ut
919 2049 1029 2132 gloria,
1052 2055 1087 2112 ut
1109 2049 1265 2131 aedifici0,

190 2141 194 2147 ⁴
231 2161 266 2218 ut
287 2154 404 2219 vestitu
432 2154 579 2234 cultuque
607 2153 754 2236 corporis,
778 2152 939 2216 animante
967 2152 1083 2217 virtute
1109 2153 1264 2236 praedito,

231 2278 268 2322 co
291 2257 345 2339 qui
367 2257 419 2320 vel
440 2275 546 2320 amare
565 2255 626 2335 vel,
642 2261 676 2318 ut
699 2255 743 2318 ita
766 2254 878 2336 dicam,
894 2255 1058 2320 redamare
1075 2256 1187 2338 possit,
1203 2276 1266 2321 non

230 2360 402 2425 admodum
416 2359 589 2423 delectari?
616 2358 704 2423 Nihil
727 2365 775 2423 cst
798 2359 883 2422 enim
904 2359 1156 2423 remuneratione
1180 2360 1266 2425 beni·

230 2463 398 2543 volentiae,
422 2461 500 2526 nihil
522 2461 739 2526 uicissitudine
766 2462 939 2527 studiorum
962 2462 1201 2543 officiorumque
1222 2463 1266 2527 iu·

178 2580 212 2628 uc
231 2565 371 2630 cundius.
396 2564 504 2641 Quid?
529 2566 555 2629 si
578 2564 654 2629 illud
678 2565 773 2629 etiam
795 2565 951 2645 addimus,
976 2565 1059 2646 quod
1080 2571 1167 2629 recte
1190 2565 1266 2631 addi

229 2675 342 2754 potest,
362 2667 440 2732 nihil
460 2688 540 2748 esse,
561 2667 644 2750 quod
667 2668 707 2732 ad
731 2688 764 2733 se
787 2689 853 2732 rem
876 2669 970 2732 ullam
994 2675 1058 2731 tam
1081 2667 1213 2733 adliciat
1235 2676 1266 2734 et

230 2780 295 2836 tam
325 2771 428 2836 trahat
458 2792 553 2852 quam
583 2769 625 2834 ad
654 2771 825 2835 amicitiam
858 2770 1043 2851 similitudo,
1074 2771 1267 2837 concedetur
1299 2854 1301 2859 ,

230 2875 370 2959 profecto
392 2895 501 2940 verum
525 2894 604 2955 esse,
624 2881 658 2938 ut
678 2876 777 2938 bonos
796 2874 871 2938 honi
891 2873 1025 2956 diligant
1045 2874 1265 2958 asciscantque
1298 2892 1301 2939 1

230 2979 290 3043 sibi
314 2978 404 3059 quasi
431 2977 664 3061 propinquitate
692 2977 874 3042 coniunctos
901 2983 998 3058 atque
1025 2983 1153 3060 natura3
1186 2978 1266 3042 nihil

231 3088 278 3146 est
304 3081 389 3145 enim
419 3079 619 3163 adpetentius
649 3080 796 3144 similium
827 3080 875 3144 sui
904 3099 964 3143 nec
993 3079 1138 3162 rapacius
1169 3100 1267 3162 quam

228 3191 350 3248 natura.
397 3182 498 3259 Quam
525 3184 565 3247 ob
587 3203 654 3246 11111
676 3182 735 3247 hoc
759 3182 895 3264 quidem,
918 3182 1022 3246 Fanni
1045 3189 1077 3246 et
1099 3182 1265 3266 Scaevola,

230 3292 361 3366 constet,
384 3292 418 3349 ut
446 3286 565 3369 opinor,
588 3286 679 3350 bonis
707 3286 789 3355 inter
816 3285 915 3350 honos
939 3285 1028 3367 quasi
1051 3287 1265 3352 necessariam

228 3389 484 3468 benivolentiam,
509 3388 563 3470 qui
589 3395 637 3452 est
664 3388 821 3452 amicitiae
844 3388 915 3452 fons
938 3408 957 3451 a
979 3395 1093 3453 natura
1116 3390 1265 3455 constitu-
1294 3428 1301 3471 5

228 3501 288 3559 tus.
312 3492 374 3558 Sed
399 3491 511 3557 eadem
533 3491 658 3557 bonitas
681 3491 838 3556 etiamad
861 3491 1093 3556 multitudinem
1115 3493 1264 3576 pertinet.
1292 3474 1301 3547 l

228 3598 301 3660 Non
332 3595 416 3660 enim
448 3602 495 3659 est
524 3594 698 3658 inhumana
728 3596 827 3659 virtus
856 3614 960 3676 neque
989 3595 1128 3660 inmunis
1158 3586 1301 3680 nequel¹

211 3700 364 3780 superba,
391 3719 475 3781 quac
504 3698 603 3764 etiam
630 3697 764 3785 populos
787 3697 953 3762 urduersos
976 3697 1060 3760 tueri
1080 3697 1190 3778 eisque
1213 3721 1265 3785 op
1288 3676 1301 3799 ᾗ

195 3797 279 3864 time
307 3805 484 3871 consulere
515 3806 639 3893 soleat,
678 3802 769 3889 quod
795 3823 863 3868 uon
886 3800 1013 3864 laceret
1033 3797 1193 3878 prolecto,
1207 3799 1243 3858 11
1260 3800 1301 3859 a'
