2610 4110
228 106 269 170 30
527 119 682 175 LAELIUS
700 120 750 173 DE
767 120 954 176 AMICITIA.

228 296 391 374 lectantur,
408 301 439 359 et
453 295 485 374 ii,
503 295 555 376 qui
572 315 661 360 suum
677 295 839 376 negotium
855 301 969 378 gerunt
984 294 1084 374 otiosi,
1100 299 1258 378 postremo
1301 355 1304 385 ἱ

227 398 259 477 ii,
287 397 340 479 qui
366 416 400 461 se
430 404 511 461 totos
540 396 737 462 tradiderunt
766 398 990 481 voluptatibus,
1021 398 1091 463 sine
1119 399 1259 462 amicitia
1301 458 1304 489 ἶ

154 538 156 543 -
227 501 327 563 vitam
354 519 423 565 esse
445 499 571 580 nullam,
595 502 622 565 si
644 499 737 566 modo
759 500 859 564 velint
880 501 987 582 aliqua
1009 520 1051 564 ex
1072 508 1163 583 parte
1185 500 1259 567 libe·

176 612 209 660 87
227 602 334 666 raliter
348 602 463 667 vivere.
493 602 597 686 Serpit
612 603 696 666 enim
711 603 818 667 nescio
842 622 903 684 quo
925 602 1018 667 modo
1041 622 1097 686 per
1118 604 1259 668 omnium

227 705 310 769 vitas
331 705 470 769 amicitia
492 725 552 769 nec
573 705 669 768 ullam
695 705 808 769 aetatis
834 704 1000 789 degendae
1025 706 1181 771 rationem
1208 727 1259 791 pa·
1303 746 1304 752 κ

227 808 303 871 titur
330 826 400 872 esse
426 814 588 892 expertem
611 808 668 872 sui.
715 807 799 884 Quin
826 808 922 872 etiam
948 809 975 873 si
998 809 1068 891 quis
1089 810 1259 894 asperitate

228 931 266 976 ea
295 916 343 976 est
372 917 403 975 et
430 911 617 977 inmanitate
646 916 788 993 naturae,
816 931 1002 995 congressus
1032 919 1066 976 ut
1096 912 1259 977 hominum
1303 983 1304 1001 ,

228 1013 330 1096 fugiat
361 1020 456 1095 atque
489 1013 602 1095 oderit,
637 1014 762 1096 qualem
795 1012 894 1079 fuisse
926 1014 1060 1080 Athenis
1092 1015 1259 1080 Timonem
1303 1075 1304 1081 ,

227 1116 442 1198 nescioquem
460 1117 647 1200 accepimus
664 1123 770 1181 tamen
792 1117 820 1181 is
839 1117 907 1199 pati
928 1137 991 1181 non
1013 1117 1121 1200 possit,
1138 1122 1174 1182 ut
1196 1137 1258 1181 non

227 1219 372 1300 anquirat
397 1219 545 1300 aliquem,
572 1218 659 1303 apud
686 1239 779 1301 quem
809 1225 935 1283 evomat
961 1219 1047 1284 virus
1075 1220 1259 1285 acerbitatis
1303 1281 1304 1288 ,

228 1341 312 1387 suae.
336 1322 440 1404 Atque
459 1321 519 1387 hoc
542 1322 681 1386 maxime
702 1320 902 1402 iudicaretur,
918 1323 946 1387 si
969 1321 1044 1404 quid
1065 1323 1129 1387 tale
1151 1329 1259 1406 posset
1303 1312 1304 1396 J

228 1425 418 1509 contingere,
448 1431 483 1488 ut
512 1425 625 1507 aliquis
653 1444 712 1489 nos
741 1424 819 1489 deus
850 1445 891 1491 ex
921 1425 982 1489 hac
1011 1425 1175 1489 hominum
1202 1426 1259 1490 fre·
1302 1408 1304 1419 ,

228 1529 357 1609 quentia
381 1528 504 1592 tolleret
529 1529 616 1592 etin
639 1523 806 1592 solitudine
828 1528 952 1611 uspiam
976 1528 1142 1593 collocaret
1163 1534 1259 1610 atque

227 1623 271 1696 ibi
299 1630 504 1714 suppeditans
530 1631 670 1695 omnium
697 1651 810 1711 rerum,
839 1651 917 1713 quas
946 1637 1060 1695 natura
1089 1630 1258 1712 desiderat,

227 1733 455 1798 abundantiam
482 1739 513 1798 et
540 1735 663 1817 copiam
690 1733 827 1798 hominis
853 1734 980 1798 omnino
1008 1734 1188 1817 aspiciendi
1209 1756 1260 1819 po·

226 1843 372 1902 testatem
388 1837 531 1920 eriperet.
556 1836 634 1913 Quis
655 1843 722 1902 tam
744 1843 828 1903 esset
842 1837 973 1918 ferreus,
990 1837 1043 1919 qui
1067 1857 1138 1901 eam
1159 1838 1259 1903 vitam

226 1940 307 2004 ferre
336 1946 456 2024 posset,
488 1940 600 2022 cuique
629 1961 694 2005 non
727 1941 865 2005 auferret
894 1940 1031 2004 fructum
1061 1942 1260 2024 voluptatum

175 2058 208 2107 88
226 2043 365 2107 omnium
388 2042 547 2108 solitudo?
577 2044 694 2107 Verum
717 2064 792 2126 ergo
815 2043 893 2106 illud
915 2050 973 2124 est,
997 2042 1080 2125 quod
1102 2063 1123 2108 a
1144 2045 1260 2109 Taren·

226 2147 292 2211 tino
315 2146 466 2230 Archyta,
487 2151 521 2210 ut
543 2147 663 2230 opinor,
685 2146 747 2210 dici
769 2146 895 2210 solitum
917 2152 1040 2211 nostros
1063 2166 1157 2212 senes
1180 2167 1260 2212 com-

226 2269 400 2314 memorare
422 2248 529 2312 audivi
551 2249 592 2313 ab
616 2249 686 2313 aliis
705 2249 835 2315 senibus
854 2248 1014 2312 auditum:
1039 2249 1090 2333 ,si
1113 2249 1201 2331 quis
1223 2250 1260 2314 in

227 2353 368 2416 caelum
405 2350 643 2416 ascendisset
676 2358 922 2433 naturamque
955 2350 1082 2415 mundi
1115 2356 1153 2416 et
1186 2352 1261 2436 pul·

227 2454 479 2519 chritudinem
506 2453 671 2519 siderum
697 2455 974 2538 perspexisset,
997 2455 1195 2519 insuavem
1223 2456 1261 2519 il-

226 2557 297 2621 lam
330 2557 617 2622 admirationem
651 2558 685 2622 ei
718 2558 818 2639 fore;
858 2577 952 2638 quae
985 2556 1262 2623 iucundissima

226 2660 378 2741 fuisset,
402 2661 434 2724 si
456 2660 633 2743 aliquem,
657 2662 716 2724 cui
738 2667 923 2741 narraret,
946 2659 1175 2725 habuisset.“
1209 2661 1262 2726 Sic

226 2769 339 2827 natura
358 2764 529 2828 solitarium
552 2762 630 2826 nihil
652 2769 738 2826 amat
761 2783 947 2846 semperque
969 2762 1012 2827 ad
1033 2762 1161 2844 aliquod
1184 2769 1262 2828 tam-

227 2888 321 2948 quam
347 2866 572 2930 adminiculum
599 2866 767 2950 adnititur;
799 2865 882 2949 quod
908 2867 942 2930 in
969 2866 1158 2931 amicissimo
1188 2887 1261 2949 quo·

175 2979 214 3033 24
228 2990 288 3050 que
311 2969 523 3033 dulcissimum
547 2975 603 3033 est.
642 2968 706 3035 Sed
729 2990 800 3032 eum
822 2974 868 3032 tot
891 2969 990 3051 signis
1013 2967 1125 3033 eadem
1146 2975 1263 3033 natura

227 3072 374 3152 declaret,
405 3071 481 3153 quid
511 3072 596 3152 velit,
627 3073 783 3154 anquirat,
813 3071 981 3152 desideret,
1013 3079 1119 3136 tamen
1154 3073 1262 3138 obsur-

227 3174 383 3239 descimus
413 3175 518 3239 nescio
550 3195 610 3256 quo
640 3174 734 3239 modo
763 3195 823 3240 nec
850 3195 897 3256 ea,
921 3195 1003 3256 quae
1030 3176 1071 3239 ab
1095 3195 1134 3239 ea
1156 3192 1262 3242 mone-

227 3298 305 3357 mur,
328 3277 481 3342 audimus.
526 3279 583 3341 Est
607 3279 690 3342 enim
713 3279 819 3342 uarius
846 3285 877 3342 et
900 3278 1064 3360 multiplex
1088 3298 1163 3343 usus
1186 3279 1263 3343 ami·

228 3381 330 3461 citiae,
342 3382 521 3461 multaeque
538 3400 651 3444 causae
667 3381 880 3463 suspicionum
896 3380 1169 3463 offensionumque
1186 3381 1262 3446 dan-

227 3490 285 3563 tur,
310 3503 387 3565 quas
414 3490 481 3547 tum
508 3484 637 3563 evitare,
660 3490 726 3547 tum
754 3485 889 3564 elevare,
912 3489 979 3546 tum
1002 3484 1084 3548 ferre
1108 3485 1263 3569 sapientis

228 3594 292 3669 est;
324 3608 388 3650 una
416 3588 471 3651 illa
498 3587 694 3652 sublevanda
720 3588 851 3653 offensio
879 3593 935 3668 est,
959 3594 994 3651 ut
1021 3594 1052 3652 et
1078 3588 1198 3654 utilitas
1227 3589 1262 3654 in

218 3691 361 3754 am1‘citr'a
378 3696 411 3756 et
424 3690 505 3756 fides
520 3691 710 3756 retineatur:
732 3711 808 3755 nam
823 3697 854 3755 et
876 3691 1025 3755 monendi
1048 3691 1142 3756 amici
1164 3711 1262 3777 saepe
