2610 4110
150 899 285 977 Quintus
306 901 428 966 Mucius
454 921 554 985 augur
584 899 682 965 multa
709 919 836 964 narrare
864 897 904 964 de
930 898 965 964 0.
985 877 1127 994 Laelio}

106 1022 171 1068 cero
202 1024 258 1070 suo
288 1005 466 1070 memoriter
496 1010 528 1070 et
557 1002 694 1067 iucunde
722 1003 843 1066 solebat
869 1020 929 1065 nec
951 1001 1095 1066 dubitare

104 1124 151 1168 um
172 1106 205 1170 in
228 1107 312 1171 omni
335 1126 478 1171 sermone
499 1108 660 1190 appellare
682 1105 866 1189 sapientem.
897 1105 965 1187 Ego
987 1110 1094 1168 autem

113 1215 197 1289 patre
223 1209 270 1273 ita
296 1230 381 1274 eram
407 1208 560 1274 deductus
586 1208 629 1274 ad
651 1208 836 1274 Scaevolam
866 1212 990 1291 sumpta
1012 1206 1095 1271 virili

103 1330 147 1392 ga,
170 1318 213 1392 ut,
238 1311 342 1394 quoad
370 1331 496 1396 possem
526 1318 558 1376 et
586 1312 704 1391 liceret,
727 1331 748 1375 a
774 1311 858 1375 senis
884 1311 981 1373 latere
1007 1329 1095 1373 num-

103 1431 159 1475 iam
180 1411 384 1478 discederem.
422 1415 534 1495 Itaque
556 1415 654 1478 multa
676 1415 715 1478 ab
740 1432 777 1478 eo
798 1411 969 1496 prudenter
990 1410 1094 1494 dispu-

104 1519 140 1595 ta,
162 1516 260 1580 multa
287 1517 382 1580 etiam
408 1517 545 1581 breviter
573 1522 604 1581 et
631 1515 792 1581 commode
820 1515 905 1579 dicta
926 1514 1094 1579 memoriae

104 1616 254 1682 andabam
276 1618 406 1700 fierique
429 1618 595 1684 studebam
610 1619 677 1683 eius
692 1617 859 1702 prudentia
873 1617 1000 1681 doctior.
1025 1615 1094 1692 Quo

104 1725 184 1784 ortuo
205 1740 257 1785 me
279 1719 322 1784 ad
344 1720 525 1804 pontificem
539 1719 725 1786 Scaevolam
748 1720 872 1799 contuli,
890 1740 983 1800 quem
997 1738 1095 1782 unum

103 1826 188 1887 strae
217 1823 352 1888 civitatis
379 1829 410 1887 et
436 1824 565 1907 ingenio
593 1828 624 1887 et
651 1823 770 1887 iustitia
791 1821 1094 1906 praestantissimum

103 1922 164 1989 rdeo
186 1925 300 1992 dicere.
347 1925 411 1992 Sed
434 1925 473 1991 de
495 1926 555 1990 hoc
575 1925 671 2008 alias3
702 1945 787 1989 nunc
812 1923 907 1989 redeo
935 1923 978 1988 ad
1000 1944 1128 2006 augus

103 2045 140 2090 m.
164 2028 243 2093 Cum
266 2049 361 2113 saepe
384 2030 491 2109 multa,
507 2034 575 2092 tum
596 2027 726 2092 memini
747 2027 832 2090 domi
853 2026 887 2090 in
908 2025 1095 2109 hemicyclio

103 2126 239 2214 dentem,
265 2137 301 2195 ut
328 2132 459 2212 solebat,
483 2151 554 2195 oum
581 2136 612 2194 et
640 2151 698 2213 ego
726 2149 828 2195 essem
854 2149 919 2192 una
945 2135 976 2193 et
1001 2129 1095 2213 pauci

103 2226 234 2297 {modum
260 2233 440 2314 familiares,
467 2234 501 2297 in
528 2254 600 2298 eum
627 2253 802 2297 sermonem
828 2232 916 2296 illum
945 2231 1094 2314 incidere,

102 2332 122 2395 ri
141 2340 206 2399 tum
228 2336 392 2420 permultis
414 2341 480 2400 erat
501 2335 536 2400 in
558 2355 620 2400 ore.
643 2335 813 2399 Meministi
836 2335 921 2399 enim
942 2334 1094 2418 profecto,

103 2435 178 2518 ttice,
209 2444 241 2502 et
270 2444 318 2502 eo'
336 2438 448 2522 magis,
471 2437 555 2518 quod
584 2439 617 2502 P.
637 2437 774 2521 Sulpicio
800 2438 931 2502 utebare
953 2439 1095 2519 multum,

103 2554 137 2601 un
157 2540 184 2604 is
206 2540 350 2605 tribunus
372 2541 413 2624 pl.
431 2540 558 2623 capitali
579 2538 651 2604 odio
673 2560 694 2604 a
715 2538 753 2616 Q.
769 2539 929 2623 Pompeio,
953 2540 1006 2623 qui
1028 2547 1095 2605 tum

103 2647 133 2703 at
154 2644 272 2724 consul,
295 2642 471 2723 dissideret,
495 2663 629 2724 quocum
656 2642 909 2707 coniunctissime
936 2648 969 2706 et
990 2663 1096 2707 aman-

103 2743 185 2809 rsime
203 2745 339 2826 vixerat,
356 2750 474 2836 quanta
496 2751 579 2809 esset
600 2744 762 2809 hominum
783 2745 835 2808 vel
857 2743 1022 2810 admiratio
1044 2745 1096 2811 vel

103 2848 201 2912 rerela.
246 2849 357 2928 Itaque
379 2837 446 2911 tum
467 2848 620 2913 Scaevola
646 2867 717 2911 cum
739 2847 774 2911 in
797 2866 865 2911 eam
888 2847 990 2931 ipsam
1011 2868 1128 2918 men-3

103 2965 182 3013 mem
215 2949 392 3029 incidisset,
423 2949 568 3032 exposuit
600 2949 692 3014 nobis
725 2968 902 3014 sermonem
933 2950 1022 3015 Laeli
1055 2950 1095 3018 de

103 3051 204 3115 nioitia
234 3051 377 3116 habitum
406 3052 446 3115 ab
478 3050 530 3114 illo
557 3070 665 3115 secum
691 3055 723 3115 et
750 3071 821 3115 curn
847 3052 946 3117 altero
967 3071 1095 3136 genero,

118 3154 240 3218 Fannio
266 3153 364 3216 Marci
390 3152 464 3232 filio,
491 3154 600 3236 paucis
627 3153 739 3218 diebus
764 3159 835 3238 post
861 3161 994 3220 mortem
1015 3156 1096 3220 Afri-

103 3257 145 3319 ni.
190 3256 268 3320 Eius
295 3254 516 3338 disputationis
544 3256 717 3321 sententias
742 3257 913 3322 memoriae
935 3257 1094 3341 mandavi,

103 3379 144 3423 ras
166 3357 227 3422 hoc
248 3357 327 3422 libro
350 3357 481 3440 exposui
503 3357 654 3422 arbitratu
676 3378 764 3442 meo;
793 3360 883 3443 quasi
905 3361 990 3425 enim
1011 3361 1096 3444 ipsos

103 3461 177 3524 duxi
204 3461 379 3540 loquentes,
402 3480 443 3524 ne
466 3453 616 3540 ‘inquam'
643 3466 675 3524 et
701 3454 824 3543 ‘inquit’
851 3463 977 3546 saepius
1004 3463 1097 3528 inter-

103 3569 243 3642 ·neretur,
260 3568 355 3642 atque
370 3567 404 3625 ut
419 3568 578 3644 tamquam
598 3581 618 3626 a
632 3566 852 3646 praesentibus
867 3586 975 3634 coram
986 3564 1104 3630 haberi

103 3685 164 3729 rmo
188 3664 354 3731 rideretur.
1079 3740 1219 3792 Α
