2610 4110
391 116 473 169 one.
486 116 596 170 mana
616 116 755 178 sno-sc.
1045 96 1087 158 29

53 311 170 371 comes,
197 296 241 369 ut,
266 289 413 371 quoniam
444 288 581 352 solitaria
612 307 676 352 non
705 291 812 371 posset
841 285 939 350 virtus
968 284 1010 349 ad
1040 305 1087 365 ea,

53 415 137 477 quae
159 413 281 458 summa
300 397 382 472 sunt,
399 391 574 474 pervenire,
591 390 758 454 coniuncta
778 395 809 453 θῖ
824 387 1002 452 consociata
1017 407 1089 452 cum

53 500 157 562 altera
187 495 374 580 perueniret.
422 493 511 569 Quae
538 493 565 556 si
592 512 670 574 quos
696 492 779 556 inter
805 491 938 556 societas
964 496 1019 554 aut
1041 496 1088 554 est

54 607 110 664 aut
132 599 193 663 fuit
214 604 269 661 aut
291 597 395 661 futura
415 602 472 676 est,
490 615 597 660 eorum
613 601 660 659 θεῖ
682 593 847 659 habendus
869 592 912 657 ad
933 613 1088 657 summum

56 709 188 768 naturae
210 702 328 766 bonum
351 699 487 781 optimus
510 697 772 778 beatissimusque
796 697 969 762 comitatus.
1000 696 1089 758 Haec
1107 703 1140 751 84

55 813 114 885 est,
137 806 277 885 inquam,
301 802 444 881 societas,
467 801 501 864 in
523 820 586 882 qua
608 800 714 864 omnia
731 799 850 879 insunt,
874 819 955 880 quae
977 803 1090 882 putant

54 908 201 974 homines
229 903 417 988 expetenda,
440 903 600 983 honestas,
623 902 732 985 gloria,
756 902 966 983 tranquillitas
992 901 1089 964 animi

55 1019 151 1092 atque
178 1007 367 1086 iucunditas,
390 1012 425 1069 ut
453 1012 484 1069 ct
511 1026 582 1069 cum
607 1005 688 1069 hacc
714 1003 820 1068 adsint
846 1006 940 1069 beata
962 1003 1028 1067 vita
1050 1003 1090 1066 sit

55 1121 89 1178 θῖ
112 1114 180 1178 sinc
202 1112 252 1174 his
275 1130 430 1175 essenon
459 1109 565 1193 possit.
612 1107 703 1183 Quod
726 1128 796 1172 cum
819 1107 970 1190 optimum
992 1107 1090 1170 maxi-

54 1235 205 1296 mumque
228 1215 279 1294 sit,
303 1214 329 1278 si
352 1212 386 1276 id
408 1213 552 1277 volumus
574 1211 717 1295 adipisci,
738 1211 844 1276 virtuti
867 1231 963 1294 opera
984 1208 1090 1273 danda

55 1326 114 1398 est,
139 1319 207 1383 sine
235 1336 296 1398 qua
323 1334 383 1380 nec
409 1314 579 1378 amicitiam
607 1333 709 1394 neque
735 1314 831 1377 ullam
854 1333 919 1377 rem
943 1317 1090 1396 expeten-

55 1423 130 1486 dam
160 1419 309 1501 consequi
336 1438 519 1503 possumus3
551 1437 686 1483 cavero
713 1418 858 1500 neglecta
880 1417 933 1498 qui
960 1436 994 1481 se
1015 1416 1090 1479 ami-

56 1545 111 1589 cos
132 1524 249 1588 habere
272 1522 474 1602 arbitrantur,
491 1528 556 1584 tum
580 1541 614 1585 se
637 1520 773 1601 denique
797 1540 917 1585 errasse
940 1520 1088 1599 sentiunt,

57 1649 129 1691 cum
159 1647 212 1692 eos
242 1626 349 1709 gravis
378 1625 492 1706 aliquis
523 1644 614 1688 casus
641 1624 777 1706 experiri
800 1624 891 1706 cogit.
937 1621 1090 1698 Quocirca
1108 1627 1141 1675 85

57 1730 240 1815 (dicendum
275 1735 322 1793 est
356 1729 441 1792 enim
475 1727 630 1812 saepius),
662 1747 732 1792 cum
765 1725 928 1807 iudicaris,
959 1725 1089 1809 diligere

56 1839 188 1918 oportet,
211 1854 285 1912 non,
309 1852 379 1895 cum
404 1831 561 1913 dilexeris,
584 1831 733 1895 iudicare.

144 1935 207 2002 Sed
230 1956 302 2000 cum
325 1934 430 1998 multis
452 1934 486 1997 in
505 1935 598 1998 rebus
613 1934 817 2017 neglegentia
833 1933 1007 2016 plectimur,
1024 1939 1090 1997 tum

56 2039 194 2102 inanime
215 2039 248 2102 in
267 2037 378 2101 amicis
401 2044 432 2101 et
455 2035 625 2118 diligendis
649 2042 680 2100 ct
703 2035 858 2120 colendis,
882 2036 1090 2119 praeposteris

57 2142 141 2205 enim
164 2142 279 2204 utimur·
302 2140 441 2204 consiliis
465 2145 496 2203 θῖ
518 2144 589 2203 acta
611 2139 745 2223 agimus,
768 2138 851 2221 quod
873 2145 1017 2202 vetamur
1039 2157 1090 2202 vc-

56 2252 123 2307 tere
138 2245 313 2328 proverbio.
342 2244 425 2307 Nam
447 2242 600 2326 implicati
622 2243 701 2307 ultro
725 2248 756 2306 et
778 2242 855 2305 citro
870 2242 922 2305 vel
944 2261 1003 2306 usu
1025 2240 1091 2306 diu-

57 2354 149 2410 turno
164 2347 216 2411 vel
232 2347 327 2410 etiam
351 2345 463 2411 officiis
485 2352 616 2428 repente
638 2345 671 2408 in
694 2345 798 2410 medio
822 2365 913 2409 cursu
936 2345 1090 2408 amicitias
1104 2411 1142 2466 23

58 2455 168 2513 exorta
191 2449 297 2528 aliqua
320 2449 492 2512 ofsensione
516 2448 746 2532 disrumpimus.
779 2446 848 2523 Quo
871 2449 966 2512 etiam
989 2448 1090 2530 magis
1108 2486 1141 2533 85

56 2548 267 2633 vituperanda
298 2556 346 2614 cst
375 2550 421 2614 rei
451 2550 589 2613 maxime
620 2551 818 2614 necessariae
844 2556 934 2614 tanta
959 2551 1088 2614 incuria.

56 2655 130 2718 Una
157 2659 205 2717 cst
232 2652 316 2717 enim
344 2653 483 2716 amicitia
509 2653 541 2714 in
567 2653 661 2717 rebus
683 2651 838 2733 humanis
863 2652 902 2716 de
925 2653 1012 2716 cuius
1034 2653 1091 2716 uti-

56 2758 145 2820 litate
173 2775 282 2820 omnes
311 2775 372 2818 uno
399 2775 452 2819 ore
480 2756 688 2835 consentiunt,
717 2775 908 2836 quamquam
936 2775 957 2818 a
985 2755 1091 2819 multis

56 2858 157 2922 virtus
173 2858 242 2940 ipsa
258 2857 467 2921 contemnitur
482 2864 513 2921 et
525 2857 699 2922 venditatio
712 2857 867 2938 quaedam
882 2862 976 2939 atquc
992 2864 1092 2921 osten-

57 2960 135 3023 tatio
164 2980 233 3024 esse
262 2961 384 3040 dicitur,
408 2961 497 3024 multi
525 2960 651 3025 divitias
679 2960 866 3044 despiciunt,
889 2979 967 3043 quos
993 2980 1091 3044 parvo

58 3070 222 3127 contentos
244 3064 348 3127 tenuis
370 3063 473 3126 victus
497 3063 659 3146 cultusque
683 3063 827 3143 delectat,
850 3063 983 3127 honores
1006 3082 1090 3143 vere,

58 3185 189 3246 quorum
214 3166 385 3250 cupiditate
409 3165 537 3247 quidam
560 3166 803 3247 inflammantur,
820 3186 914 3248 quam
936 3166 1025 3230 multi
1047 3167 1092 3229 ita

58 3276 273 3349 contemnunt,
291 3276 325 3333 ut
340 3269 418 3333 nihil
433 3270 568 3350 inanius
585 3270 663 3334 nihil
686 3289 755 3334 θεεθ
777 3270 877 3334 levius
900 3270 1090 3334 existiment.

57 3373 201 3452 Itemque
230 3379 347 3454 cetera,
376 3393 456 3454 quac
484 3373 672 3454 quibusdam
708 3373 905 3437 admirabilia
934 3373 1091 3454 videntur,

57 3475 205 3557 permulti
233 3482 305 3539 sunt
332 3477 386 3557 qui
413 3496 469 3559 pro
495 3476 592 3542 nihilo
615 3484 736 3560 putent,
760 3476 800 3540 dc
822 3476 961 3540 amicitia
983 3496 1092 3541 omnes
1224 3502 1237 3519 ’-

55 3576 100 3640 ad
129 3598 224 3640 unum
253 3577 337 3642 idom
365 3580 514 3660 sentiunt,
539 3580 624 3660 etii,
648 3581 702 3662 qui
724 3578 766 3643 ad
788 3600 855 3645 rem
877 3580 1036 3663 publicam
1058 3599 1093 3643 εθ

57 3681 267 3759 contulerunt,
292 3689 323 3744 et
350 3683 382 3761 ii,
407 3683 459 3763 qui
486 3702 589 3746 rerum
613 3683 792 3764 cognitione
816 3682 1019 3765 doctrinaque
1043 3681 1093 3745 dc·
1123 3694 1145 3739 .“

109 3794 197 3845 Cicero,
212 3795 307 3834 Laelius
323 3795 478 3836 deamicitia.
495 3796 571 3844 (Gom.
588 3796 681 3846 dmg).
1018 3799 1036 3851 4
