<?xml version="1.0" encoding="UTF-8"?>
<!DOCTYPE html PUBLIC "-//W3C//DTD XHTML 1.0 Transitional//EN"
    "http://www.w3.org/TR/xhtml1/DTD/xhtml1-transitional.dtd">
<html xmlns="http://www.w3.org/1999/xhtml" xml:lang="en" lang="en">
 <head>
  <title>
</title>
<meta http-equiv="Content-Type" content="text/html;charset=utf-8" />
  <meta name='ocr-system' content='tesseract 3.04.00' />
  <meta name='ocr-capabilities' content='ocr_page ocr_carea ocr_par ocr_line ocrx_word'/>
</head>
<body>
  <div class='ocr_page' id='page_1' title='image "./laeliusdeamicit04cicegoog_0036.png"; bbox 0 0 2610 4110; ppageno 0'>
   <div class='ocr_carea' id='block_1_1' title="bbox 487 113 1160 190">
    <p class='ocr_par' dir='ltr' id='par_1_1' title="bbox 487 113 1160 190">
     <span class='ocr_line' id='line_1_1' title="bbox 487 113 1160 190; baseline 0 -12"><span class='ocrx_word' id='word_1_1' title='bbox 487 125 569 178; x_wconf 84' lang='lat' dir='ltr'>eAr.</span> <span class='ocrx_word' id='word_1_2' title='bbox 583 128 658 181; x_wconf 78' lang='grc'><strong>1-1.</strong></span> <span class='ocrx_word' id='word_1_3' title='bbox 678 130 798 190; x_wconf 78' lang='grc'><strong>111-11.</strong></span> <span class='ocrx_word' id='word_1_4' title='bbox 1139 113 1160 178; x_wconf 78' lang='grc'>5</span> 
     </span>
    </p>
   </div>
   <div class='ocr_carea' id='block_1_2' title="bbox 122 298 1210 3474">
    <p class='ocr_par' dir='ltr' id='par_1_2' title="bbox 124 298 1158 1209">
     <span class='ocr_line' id='line_1_2' title="bbox 124 298 1158 385; baseline 0.006 -25"><span class='ocrx_word' id='word_1_5' title='bbox 124 298 274 363; x_wconf 90' lang='lat' dir='ltr'>moriendi</span> <span class='ocrx_word' id='word_1_6' title='bbox 300 306 406 363; x_wconf 89' lang='lat' dir='ltr'>autem</span> <span class='ocrx_word' id='word_1_7' title='bbox 433 319 561 364; x_wconf 90' lang='lat' dir='ltr'>sensum</span> <span class='ocrx_word' id='word_1_8' title='bbox 587 299 730 364; x_wconf 79' lang='lat' dir='ltr'>celeritas</span> <span class='ocrx_word' id='word_1_9' title='bbox 756 300 894 365; x_wconf 86' lang='lat' dir='ltr'>abstulit.</span> <span class='ocrx_word' id='word_1_10' title='bbox 945 300 1013 377; x_wconf 79' lang='lat' dir='ltr'>Quo</span> <span class='ocrx_word' id='word_1_11' title='bbox 1040 302 1080 366; x_wconf 91' lang='lat' dir='ltr'>de</span> <span class='ocrx_word' id='word_1_12' title='bbox 1106 323 1158 385; x_wconf 83' lang='lat' dir='ltr'>gc-</span> 
     </span>
     <span class='ocr_line' id='line_1_3' title="bbox 126 401 1158 488; baseline 0.005 -24"><span class='ocrx_word' id='word_1_13' title='bbox 126 421 194 466; x_wconf 89' lang='lat' dir='ltr'>nere</span> <span class='ocrx_word' id='word_1_14' title='bbox 217 403 326 466; x_wconf 91' lang='lat' dir='ltr'>mortis</span> <span class='ocrx_word' id='word_1_15' title='bbox 348 401 478 467; x_wconf 89' lang='lat' dir='ltr'>difficile</span> <span class='ocrx_word' id='word_1_16' title='bbox 501 402 587 466; x_wconf 88' lang='lat' dir='ltr'>dictu</span> <span class='ocrx_word' id='word_1_17' title='bbox 609 408 673 486; x_wconf 73' lang='lat' dir='ltr'>est,</span> <span class='ocrx_word' id='word_1_18' title='bbox 699 403 773 484; x_wconf 92' lang='lat' dir='ltr'>quid</span> <span class='ocrx_word' id='word_1_19' title='bbox 796 404 939 469; x_wconf 90' lang='lat' dir='ltr'>homines</span> <span class='ocrx_word' id='word_1_20' title='bbox 959 405 1158 488; x_wconf 87' lang='lat' dir='ltr'>suspicentur</span> 
     </span>
     <span class='ocr_line' id='line_1_4' title="bbox 127 503 1156 590; baseline 0.007 -25"><span class='ocrx_word' id='word_1_21' title='bbox 127 503 250 588; x_wconf 73' lang='lat' dir='ltr'>uidetis,</span> <span class='ocrx_word' id='word_1_22' title='bbox 273 504 334 569; x_wconf 94' lang='lat' dir='ltr'>hoc</span> <span class='ocrx_word' id='word_1_23' title='bbox 356 525 430 570; x_wconf 81' lang='lat' dir='ltr'>rere</span> <span class='ocrx_word' id='word_1_24' title='bbox 453 511 560 569; x_wconf 88' lang='lat' dir='ltr'>tamen</span> <span class='ocrx_word' id='word_1_25' title='bbox 582 506 655 569; x_wconf 88' lang='lat' dir='ltr'>licet</span> <span class='ocrx_word' id='word_1_26' title='bbox 679 505 792 586; x_wconf 81' lang='lat' dir='ltr'>dicere,</span> <span class='ocrx_word' id='word_1_27' title='bbox 817 508 850 569; x_wconf 92' lang='lat' dir='ltr'>P.</span> <span class='ocrx_word' id='word_1_28' title='bbox 865 507 1005 590; x_wconf 78' lang='lat' dir='ltr'>Scipioni</span> <span class='ocrx_word' id='word_1_29' title='bbox 1022 528 1062 572; x_wconf 83' lang='lat' dir='ltr'>ex</span> <span class='ocrx_word' id='word_1_30' title='bbox 1080 510 1156 572; x_wconf 91' lang='lat' dir='ltr'>mul-</span> 
     </span>
     <span class='ocr_line' id='line_1_5' title="bbox 129 605 1155 692; baseline 0.006 -24"><span class='ocrx_word' id='word_1_31' title='bbox 129 606 163 670; x_wconf 89' lang='lat' dir='ltr'>tis</span> <span class='ocrx_word' id='word_1_32' title='bbox 188 605 309 687; x_wconf 90' lang='lat' dir='ltr'>diebus,</span> <span class='ocrx_word' id='word_1_33' title='bbox 334 628 411 689; x_wconf 92' lang='lat' dir='ltr'>quos</span> <span class='ocrx_word' id='word_1_34' title='bbox 438 608 471 671; x_wconf 93' lang='lat' dir='ltr'>in</span> <span class='ocrx_word' id='word_1_35' title='bbox 498 608 565 672; x_wconf 86' lang='lat' dir='ltr'>vita</span> <span class='ocrx_word' id='word_1_36' title='bbox 591 609 810 673; x_wconf 90' lang='lat' dir='ltr'>celeberrimos</span> <span class='ocrx_word' id='word_1_37' title='bbox 837 610 1088 692; x_wconf 80' lang='lat' dir='ltr'>laetissimosque</span> <span class='ocrx_word' id='word_1_38' title='bbox 1111 612 1155 674; x_wconf 85' lang='lat' dir='ltr'>vi-</span> 
     </span>
     <span class='ocr_line' id='line_1_6' title="bbox 130 707 1155 793; baseline 0.007 -22"><span class='ocrx_word' id='word_1_39' title='bbox 130 707 210 790; x_wconf 90' lang='lat' dir='ltr'>derit,</span> <span class='ocrx_word' id='word_1_40' title='bbox 226 710 313 774; x_wconf 93' lang='lat' dir='ltr'>illum</span> <span class='ocrx_word' id='word_1_41' title='bbox 335 708 419 776; x_wconf 90' lang='lat' dir='ltr'>diem</span> <span class='ocrx_word' id='word_1_42' title='bbox 443 711 647 775; x_wconf 88' lang='lat' dir='ltr'>clarissimum</span> <span class='ocrx_word' id='word_1_43' title='bbox 670 711 778 793; x_wconf 87' lang='lat' dir='ltr'>fuisse,</span> <span class='ocrx_word' id='word_1_44' title='bbox 796 733 867 776; x_wconf 87' lang='lat' dir='ltr'>curn</span> <span class='ocrx_word' id='word_1_45' title='bbox 890 720 1002 777; x_wconf 89' lang='lat' dir='ltr'>senatu</span> <span class='ocrx_word' id='word_1_46' title='bbox 1025 712 1155 778; x_wconf 92' lang='lat' dir='ltr'>dimisso</span> 
     </span>
     <span class='ocr_line' id='line_1_7' title="bbox 132 810 1155 900; baseline 0.006 -26"><span class='ocrx_word' id='word_1_47' title='bbox 132 810 248 876; x_wconf 89' lang='lat' dir='ltr'>domum</span> <span class='ocrx_word' id='word_1_48' title='bbox 262 811 410 879; x_wconf 89' lang='lat' dir='ltr'>reductus</span> <span class='ocrx_word' id='word_1_49' title='bbox 428 812 471 877; x_wconf 89' lang='lat' dir='ltr'>ad</span> <span class='ocrx_word' id='word_1_50' title='bbox 493 834 660 898; x_wconf 86' lang='lat' dir='ltr'>vesperum</span> <span class='ocrx_word' id='word_1_51' title='bbox 684 823 731 880; x_wconf 92' lang='lat' dir='ltr'>est</span> <span class='ocrx_word' id='word_1_52' title='bbox 754 836 773 878; x_wconf 91' lang='lat' dir='ltr'>a</span> <span class='ocrx_word' id='word_1_53' title='bbox 795 816 937 898; x_wconf 90' lang='lat' dir='ltr'>patribus</span> <span class='ocrx_word' id='word_1_54' title='bbox 961 816 1155 900; x_wconf 83' lang='lat' dir='ltr'>conscriptis,</span> 
     </span>
     <span class='ocr_line' id='line_1_8' title="bbox 132 916 1155 1001; baseline 0.003 -23"><span class='ocrx_word' id='word_1_55' title='bbox 132 916 235 999; x_wconf 91' lang='lat' dir='ltr'>populo</span> <span class='ocrx_word' id='word_1_56' title='bbox 256 917 408 996; x_wconf 88' lang='lat' dir='ltr'>Romano,</span> <span class='ocrx_word' id='word_1_57' title='bbox 432 916 525 981; x_wconf 90' lang='lat' dir='ltr'>sociis</span> <span class='ocrx_word' id='word_1_58' title='bbox 553 924 584 980; x_wconf 92' lang='lat' dir='ltr'>et</span> <span class='ocrx_word' id='word_1_59' title='bbox 610 918 741 998; x_wconf 89' lang='lat' dir='ltr'>Latinis,</span> <span class='ocrx_word' id='word_1_60' title='bbox 765 918 867 1001; x_wconf 89' lang='lat' dir='ltr'>pridie</span> <span class='ocrx_word' id='word_1_61' title='bbox 895 939 989 1001; x_wconf 91' lang='lat' dir='ltr'>quam</span> <span class='ocrx_word' id='word_1_62' title='bbox 1018 920 1155 983; x_wconf 79' lang='lat' dir='ltr'>excessit</span> 
     </span>
     <span class='ocr_line' id='line_1_9' title="bbox 133 1019 1155 1105; baseline 0.003 -24"><span class='ocrx_word' id='word_1_63' title='bbox 133 1019 241 1098; x_wconf 86' lang='lat' dir='ltr'>evita,</span> <span class='ocrx_word' id='word_1_64' title='bbox 263 1025 299 1082; x_wconf 92' lang='lat' dir='ltr'>ut</span> <span class='ocrx_word' id='word_1_65' title='bbox 326 1038 367 1082; x_wconf 81' lang='lat' dir='ltr'>ex</span> <span class='ocrx_word' id='word_1_66' title='bbox 394 1024 459 1082; x_wconf 88' lang='lat' dir='ltr'>tam</span> <span class='ocrx_word' id='word_1_67' title='bbox 485 1020 548 1083; x_wconf 89' lang='lat' dir='ltr'>alto</span> <span class='ocrx_word' id='word_1_68' title='bbox 577 1019 739 1102; x_wconf 82' lang='lat' dir='ltr'>dignitatis</span> <span class='ocrx_word' id='word_1_69' title='bbox 767 1021 868 1103; x_wconf 83' lang='lat' dir='ltr'>gradu</span> <span class='ocrx_word' id='word_1_70' title='bbox 895 1021 936 1085; x_wconf 89' lang='lat' dir='ltr'>ad</span> <span class='ocrx_word' id='word_1_71' title='bbox 960 1041 1089 1105; x_wconf 88' lang='lat' dir='ltr'>superos</span> <span class='ocrx_word' id='word_1_72' title='bbox 1112 1021 1155 1084; x_wconf 86' lang='lat' dir='ltr'>vi-</span> 
     </span>
     <span class='ocr_line' id='line_1_10' title="bbox 132 1119 991 1209; baseline 0.006 -26"><span class='ocrx_word' id='word_1_73' title='bbox 132 1119 231 1184; x_wconf 88' lang='lat' dir='ltr'>deatur</span> <span class='ocrx_word' id='word_1_74' title='bbox 253 1119 329 1209; x_wconf 88' lang='lat' dir='ltr'>deos</span> <span class='ocrx_word' id='word_1_75' title='bbox 352 1122 456 1205; x_wconf 89' lang='lat' dir='ltr'>potius</span> <span class='ocrx_word' id='word_1_76' title='bbox 479 1141 573 1203; x_wconf 90' lang='lat' dir='ltr'>quarn</span> <span class='ocrx_word' id='word_1_77' title='bbox 595 1122 637 1185; x_wconf 91' lang='lat' dir='ltr'>ad</span> <span class='ocrx_word' id='word_1_78' title='bbox 660 1123 777 1188; x_wconf 88' lang='lat' dir='ltr'>inferos</span> <span class='ocrx_word' id='word_1_79' title='bbox 799 1124 991 1207; x_wconf 87' lang='lat' dir='ltr'>pervenisse.</span> 
     </span>
    </p>

    <p class='ocr_par' dir='ltr' id='par_1_3' title="bbox 122 1212 1210 3474">
     <span class='ocr_line' id='line_1_11' title="bbox 171 1212 1210 1332; baseline 0.003 -44"><span class='ocrx_word' id='word_1_80' title='bbox 171 1297 174 1301; x_wconf 45' lang='grc'><strong>,</strong></span> <span class='ocrx_word' id='word_1_81' title='bbox 206 1225 318 1306; x_wconf 89' lang='lat' dir='ltr'>Neque</span> <span class='ocrx_word' id='word_1_82' title='bbox 341 1225 425 1287; x_wconf 90' lang='lat' dir='ltr'>enim</span> <span class='ocrx_word' id='word_1_83' title='bbox 447 1224 607 1289; x_wconf 90' lang='lat' dir='ltr'>adsentior</span> <span class='ocrx_word' id='word_1_84' title='bbox 629 1226 678 1305; x_wconf 90' lang='lat' dir='ltr'>iis,</span> <span class='ocrx_word' id='word_1_85' title='bbox 699 1227 752 1308; x_wconf 92' lang='lat' dir='ltr'>qui</span> <span class='ocrx_word' id='word_1_86' title='bbox 775 1226 854 1291; x_wconf 91' lang='lat' dir='ltr'>haee</span> <span class='ocrx_word' id='word_1_87' title='bbox 877 1247 977 1310; x_wconf 88' lang='lat' dir='ltr'>nuper</span> <span class='ocrx_word' id='word_1_88' title='bbox 1000 1226 1155 1292; x_wconf 88' lang='lat' dir='ltr'>disserere</span> <span class='ocrx_word' id='word_1_89' title='bbox 1178 1212 1210 1332; x_wconf 46' lang='grc' dir='ltr'>ᾗ</span> 
     </span>
     <span class='ocr_line' id='line_1_12' title="bbox 133 1328 1156 1412; baseline 0.005 -23"><span class='ocrx_word' id='word_1_90' title='bbox 133 1334 300 1410; x_wconf 90' lang='lat' dir='ltr'>coeperunt,</span> <span class='ocrx_word' id='word_1_91' title='bbox 324 1346 395 1391; x_wconf 91' lang='lat' dir='ltr'>cum</span> <span class='ocrx_word' id='word_1_92' title='bbox 425 1328 605 1411; x_wconf 87' lang='lat' dir='ltr'>corporibus</span> <span class='ocrx_word' id='word_1_93' title='bbox 636 1330 727 1393; x_wconf 90' lang='lat' dir='ltr'>simul</span> <span class='ocrx_word' id='word_1_94' title='bbox 755 1330 876 1394; x_wconf 89' lang='lat' dir='ltr'>animos</span> <span class='ocrx_word' id='word_1_95' title='bbox 903 1330 1032 1394; x_wconf 89' lang='lat' dir='ltr'>interire</span> <span class='ocrx_word' id='word_1_96' title='bbox 1059 1337 1156 1412; x_wconf 87' lang='lat' dir='ltr'>atque</span> 
     </span>
     <span class='ocr_line' id='line_1_13' title="bbox 132 1428 1156 1514; baseline 0.006 -24"><span class='ocrx_word' id='word_1_97' title='bbox 132 1430 225 1494; x_wconf 92' lang='lat' dir='ltr'>omnia</span> <span class='ocrx_word' id='word_1_98' title='bbox 250 1436 350 1494; x_wconf 90' lang='lat' dir='ltr'>morte</span> <span class='ocrx_word' id='word_1_99' title='bbox 378 1428 491 1513; x_wconf 89' lang='lat' dir='ltr'>deleri;</span> <span class='ocrx_word' id='word_1_100' title='bbox 522 1431 593 1514; x_wconf 90' lang='lat' dir='ltr'>plus</span> <span class='ocrx_word' id='word_1_101' title='bbox 621 1431 706 1514; x_wconf 89' lang='lat' dir='ltr'>apud</span> <span class='ocrx_word' id='word_1_102' title='bbox 731 1452 781 1496; x_wconf 92' lang='lat' dir='ltr'>me</span> <span class='ocrx_word' id='word_1_103' title='bbox 804 1433 1002 1513; x_wconf 90' lang='lat' dir='ltr'>antiquorum</span> <span class='ocrx_word' id='word_1_104' title='bbox 1025 1434 1156 1497; x_wconf 89' lang='lat' dir='ltr'>auctori-</span> 
     </span>
     <span class='ocr_line' id='line_1_14' title="bbox 133 1534 1156 1618; baseline 0.005 -24"><span class='ocrx_word' id='word_1_105' title='bbox 133 1535 284 1615; x_wconf 81' lang='grc'><strong>11111111,</strong></span> <span class='ocrx_word' id='word_1_106' title='bbox 308 1534 359 1597; x_wconf 86' lang='lat' dir='ltr'>vel</span> <span class='ocrx_word' id='word_1_107' title='bbox 386 1541 559 1598; x_wconf 87' lang='lat' dir='ltr'>nostrorum</span> <span class='ocrx_word' id='word_1_108' title='bbox 586 1535 748 1616; x_wconf 88' lang='lat' dir='ltr'>maiorum,</span> <span class='ocrx_word' id='word_1_109' title='bbox 773 1536 826 1618; x_wconf 94' lang='lat' dir='ltr'>qui</span> <span class='ocrx_word' id='word_1_110' title='bbox 849 1536 977 1600; x_wconf 85' lang='lat' dir='ltr'>mortuis</span> <span class='ocrx_word' id='word_1_111' title='bbox 999 1542 1065 1599; x_wconf 89' lang='lat' dir='ltr'>tam</span> <span class='ocrx_word' id='word_1_112' title='bbox 1088 1536 1156 1600; x_wconf 88' lang='lat' dir='ltr'>reli-</span> 
     </span>
     <span class='ocr_line' id='line_1_15' title="bbox 132 1634 1156 1722; baseline 0.005 -24"><span class='ocrx_word' id='word_1_113' title='bbox 132 1634 209 1714; x_wconf 84' lang='lat' dir='ltr'>giosa</span> <span class='ocrx_word' id='word_1_114' title='bbox 237 1636 307 1700; x_wconf 90' lang='lat' dir='ltr'>iura</span> <span class='ocrx_word' id='word_1_115' title='bbox 335 1636 520 1717; x_wconf 90' lang='lat' dir='ltr'>tribuerunt,</span> <span class='ocrx_word' id='word_1_116' title='bbox 552 1637 637 1719; x_wconf 93' lang='lat' dir='ltr'>quod</span> <span class='ocrx_word' id='word_1_117' title='bbox 671 1658 733 1701; x_wconf 95' lang='lat' dir='ltr'>non</span> <span class='ocrx_word' id='word_1_118' title='bbox 764 1637 914 1702; x_wconf 86' lang='lat' dir='ltr'>fecissent</span> <span class='ocrx_word' id='word_1_119' title='bbox 945 1638 1095 1722; x_wconf 83' lang='lat' dir='ltr'>profecto,</span> <span class='ocrx_word' id='word_1_120' title='bbox 1129 1639 1156 1703; x_wconf 89' lang='lat' dir='ltr'>si</span> 
     </span>
     <span class='ocr_line' id='line_1_16' title="bbox 133 1736 1156 1824; baseline 0.006 -25"><span class='ocrx_word' id='word_1_121' title='bbox 133 1736 200 1802; x_wconf 90' lang='lat' dir='ltr'>nihil</span> <span class='ocrx_word' id='word_1_122' title='bbox 226 1738 269 1802; x_wconf 87' lang='lat' dir='ltr'>ad</span> <span class='ocrx_word' id='word_1_123' title='bbox 298 1759 352 1803; x_wconf 90' lang='lat' dir='ltr'>eos</span> <span class='ocrx_word' id='word_1_124' title='bbox 381 1740 537 1823; x_wconf 89' lang='lat' dir='ltr'>pertinere</span> <span class='ocrx_word' id='word_1_125' title='bbox 568 1741 803 1822; x_wconf 83' lang='lat' dir='ltr'>arbitrarentur,</span> <span class='ocrx_word' id='word_1_126' title='bbox 828 1743 880 1806; x_wconf 91' lang='lat' dir='ltr'>vel</span> <span class='ocrx_word' id='word_1_127' title='bbox 903 1761 1020 1824; x_wconf 92' lang='lat' dir='ltr'>eorum,</span> <span class='ocrx_word' id='word_1_128' title='bbox 1045 1743 1099 1824; x_wconf 91' lang='lat' dir='ltr'>qui</span> <span class='ocrx_word' id='word_1_129' title='bbox 1123 1742 1156 1805; x_wconf 92' lang='lat' dir='ltr'>in</span> 
     </span>
     <span class='ocr_line' id='line_1_17' title="bbox 133 1836 1156 1926; baseline 0.006 -24"><span class='ocrx_word' id='word_1_130' title='bbox 133 1836 182 1904; x_wconf 88' lang='lat' dir='ltr'>hac</span> <span class='ocrx_word' id='word_1_131' title='bbox 201 1847 285 1906; x_wconf 84' lang='lat' dir='ltr'>terra</span> <span class='ocrx_word' id='word_1_132' title='bbox 306 1842 434 1906; x_wconf 87' lang='lat' dir='ltr'>fuerunt</span> <span class='ocrx_word' id='word_1_133' title='bbox 456 1863 667 1926; x_wconf 82' lang='lat' dir='ltr'>magnamque</span> <span class='ocrx_word' id='word_1_134' title='bbox 687 1844 862 1924; x_wconf 82' lang='lat' dir='ltr'>Graeciam,</span> <span class='ocrx_word' id='word_1_135' title='bbox 879 1864 960 1926; x_wconf 89' lang='lat' dir='ltr'>quae</span> <span class='ocrx_word' id='word_1_136' title='bbox 982 1864 1067 1908; x_wconf 92' lang='lat' dir='ltr'>nunc</span> <span class='ocrx_word' id='word_1_137' title='bbox 1090 1845 1156 1926; x_wconf 92' lang='lat' dir='ltr'>qui-</span> 
     </span>
     <span class='ocr_line' id='line_1_18' title="bbox 133 1940 1155 2031; baseline 0.009 -28"><span class='ocrx_word' id='word_1_138' title='bbox 133 1940 194 2008; x_wconf 90' lang='lat' dir='ltr'>dem</span> <span class='ocrx_word' id='word_1_139' title='bbox 215 1945 319 2009; x_wconf 89' lang='lat' dir='ltr'>deleta</span> <span class='ocrx_word' id='word_1_140' title='bbox 342 1952 398 2026; x_wconf 91' lang='lat' dir='ltr'>est,</span> <span class='ocrx_word' id='word_1_141' title='bbox 418 1952 485 2009; x_wconf 89' lang='lat' dir='ltr'>tum</span> <span class='ocrx_word' id='word_1_142' title='bbox 508 1946 647 2026; x_wconf 89' lang='lat' dir='ltr'>florebat,</span> <span class='ocrx_word' id='word_1_143' title='bbox 664 1947 814 2012; x_wconf 88' lang='lat' dir='ltr'>institutis</span> <span class='ocrx_word' id='word_1_144' title='bbox 838 1953 868 2011; x_wconf 90' lang='lat' dir='ltr'>et</span> <span class='ocrx_word' id='word_1_145' title='bbox 891 1949 1068 2031; x_wconf 89' lang='lat' dir='ltr'>praeceptis</span> <span class='ocrx_word' id='word_1_146' title='bbox 1090 1949 1155 2012; x_wconf 91' lang='lat' dir='ltr'>suis</span> 
     </span>
     <span class='ocr_line' id='line_1_19' title="bbox 133 2047 1155 2143; baseline 0.01 -37"><span class='ocrx_word' id='word_1_147' title='bbox 133 2047 310 2127; x_wconf 89' lang='lat' dir='ltr'>erudierunt,</span> <span class='ocrx_word' id='word_1_148' title='bbox 329 2049 381 2113; x_wconf 87' lang='lat' dir='ltr'>vel</span> <span class='ocrx_word' id='word_1_149' title='bbox 404 2049 481 2143; x_wconf 64' lang='lat' dir='ltr'>eius,</span> <span class='ocrx_word' id='word_1_150' title='bbox 505 2049 558 2130; x_wconf 91' lang='lat' dir='ltr'>qui</span> <span class='ocrx_word' id='word_1_151' title='bbox 577 2049 730 2131; x_wconf 90' lang='lat' dir='ltr'>Apollinis</span> <span class='ocrx_word' id='word_1_152' title='bbox 753 2051 877 2114; x_wconf 90' lang='lat' dir='ltr'>oraculo</span> <span class='ocrx_word' id='word_1_153' title='bbox 901 2051 1155 2133; x_wconf 88' lang='lat' dir='ltr'>sapientissimus</span> 
     </span>
     <span class='ocr_line' id='line_1_20' title="bbox 132 2150 1155 2237; baseline 0.009 -28"><span class='ocrx_word' id='word_1_154' title='bbox 132 2155 172 2212; x_wconf 91' lang='grc'>111</span> <span class='ocrx_word' id='word_1_155' title='bbox 194 2150 358 2231; x_wconf 89' lang='lat' dir='ltr'>iudicatus,</span> <span class='ocrx_word' id='word_1_156' title='bbox 383 2152 436 2232; x_wconf 89' lang='lat' dir='ltr'>qui</span> <span class='ocrx_word' id='word_1_157' title='bbox 463 2171 526 2215; x_wconf 91' lang='lat' dir='ltr'>non</span> <span class='ocrx_word' id='word_1_158' title='bbox 554 2158 621 2215; x_wconf 89' lang='lat' dir='ltr'>tum</span> <span class='ocrx_word' id='word_1_159' title='bbox 644 2152 713 2233; x_wconf 92' lang='lat' dir='ltr'>hoc,</span> <span class='ocrx_word' id='word_1_160' title='bbox 736 2159 803 2216; x_wconf 89' lang='lat' dir='ltr'>tum</span> <span class='ocrx_word' id='word_1_161' title='bbox 826 2151 913 2234; x_wconf 92' lang='lat' dir='ltr'>illud,</span> <span class='ocrx_word' id='word_1_162' title='bbox 936 2154 1026 2217; x_wconf 91' lang='lat' dir='ltr'>utin</span> <span class='ocrx_word' id='word_1_163' title='bbox 1050 2154 1155 2237; x_wconf 88' lang='lat' dir='ltr'>pleris-</span> 
     </span>
     <span class='ocr_line' id='line_1_21' title="bbox 132 2254 1154 2339; baseline 0.007 -24"><span class='ocrx_word' id='word_1_164' title='bbox 132 2270 192 2336; x_wconf 89' lang='lat' dir='ltr'>que,</span> <span class='ocrx_word' id='word_1_165' title='bbox 213 2255 271 2320; x_wconf 89' lang='lat' dir='ltr'>sed</span> <span class='ocrx_word' id='word_1_166' title='bbox 300 2254 385 2320; x_wconf 89' lang='lat' dir='ltr'>idem</span> <span class='ocrx_word' id='word_1_167' title='bbox 415 2275 548 2339; x_wconf 89' lang='lat' dir='ltr'>semper,</span> <span class='ocrx_word' id='word_1_168' title='bbox 575 2256 697 2320; x_wconf 90' lang='lat' dir='ltr'>animos</span> <span class='ocrx_word' id='word_1_169' title='bbox 727 2255 889 2320; x_wconf 90' lang='lat' dir='ltr'>hominum</span> <span class='ocrx_word' id='word_1_170' title='bbox 921 2276 990 2321; x_wconf 92' lang='lat' dir='ltr'>esse</span> <span class='ocrx_word' id='word_1_171' title='bbox 1020 2258 1154 2338; x_wconf 85' lang='lat' dir='ltr'>divinos,</span> 
     </span>
     <span class='ocr_line' id='line_1_22' title="bbox 130 2351 1155 2440; baseline 0.011 -26"><span class='ocrx_word' id='word_1_172' title='bbox 130 2351 230 2438; x_wconf 91' lang='lat' dir='ltr'>iisque,</span> <span class='ocrx_word' id='word_1_173' title='bbox 255 2377 325 2423; x_wconf 90' lang='lat' dir='ltr'>eum</span> <span class='ocrx_word' id='word_1_174' title='bbox 353 2377 393 2422; x_wconf 84' lang='lat' dir='ltr'>ex</span> <span class='ocrx_word' id='word_1_175' title='bbox 421 2377 550 2440; x_wconf 90' lang='lat' dir='ltr'>corpore</span> <span class='ocrx_word' id='word_1_176' title='bbox 574 2358 794 2439; x_wconf 81' lang='lat' dir='ltr'>excessissent,</span> <span class='ocrx_word' id='word_1_177' title='bbox 817 2358 952 2423; x_wconf 89' lang='lat' dir='ltr'>reditum</span> <span class='ocrx_word' id='word_1_178' title='bbox 975 2360 1008 2424; x_wconf 91' lang='lat' dir='ltr'>in</span> <span class='ocrx_word' id='word_1_179' title='bbox 1033 2361 1155 2425; x_wconf 91' lang='lat' dir='ltr'>caelum</span> 
     </span>
     <span class='ocr_line' id='line_1_23' title="bbox 131 2461 1152 2546; baseline 0.006 -26"><span class='ocrx_word' id='word_1_180' title='bbox 131 2465 237 2542; x_wconf 88' lang='lat' dir='ltr'>patere,</span> <span class='ocrx_word' id='word_1_181' title='bbox 265 2461 446 2544; x_wconf 88' lang='lat' dir='ltr'>optimoque</span> <span class='ocrx_word' id='word_1_182' title='bbox 473 2467 504 2524; x_wconf 91' lang='lat' dir='ltr'>et</span> <span class='ocrx_word' id='word_1_183' title='bbox 531 2461 701 2526; x_wconf 90' lang='lat' dir='ltr'>iustissimo</span> <span class='ocrx_word' id='word_1_184' title='bbox 730 2462 842 2544; x_wconf 90' lang='lat' dir='ltr'>cuique</span> <span class='ocrx_word' id='word_1_185' title='bbox 870 2462 1152 2546; x_wconf 85' lang='lat' dir='ltr'>expeditissimum.</span> 
     </span>
     <span class='ocr_line' id='line_1_24' title="bbox 131 2557 1209 2649; baseline 0.006 -22"><span class='ocrx_word' id='word_1_186' title='bbox 131 2557 212 2634; x_wconf 77' lang='lat' dir='ltr'>Quod</span> <span class='ocrx_word' id='word_1_187' title='bbox 237 2563 323 2628; x_wconf 89' lang='lat' dir='ltr'>idern</span> <span class='ocrx_word' id='word_1_188' title='bbox 345 2564 485 2647; x_wconf 83' lang='lat' dir='ltr'>Scipioni</span> <span class='ocrx_word' id='word_1_189' title='bbox 507 2564 683 2645; x_wconf 88' lang='lat' dir='ltr'>videbatur,</span> <span class='ocrx_word' id='word_1_190' title='bbox 708 2565 761 2646; x_wconf 94' lang='lat' dir='ltr'>qui</span> <span class='ocrx_word' id='word_1_191' title='bbox 785 2565 921 2647; x_wconf 90' lang='lat' dir='ltr'>quidem,</span> <span class='ocrx_word' id='word_1_192' title='bbox 946 2566 1036 2647; x_wconf 89' lang='lat' dir='ltr'>quasi</span> <span class='ocrx_word' id='word_1_193' title='bbox 1067 2587 1209 2649; x_wconf 88' lang='lat' dir='ltr'>prae-14</span> 
     </span>
     <span class='ocr_line' id='line_1_25' title="bbox 129 2667 1155 2751; baseline 0.007 -25"><span class='ocrx_word' id='word_1_194' title='bbox 129 2667 246 2750; x_wconf 78' lang='lat' dir='ltr'>sagiret,</span> <span class='ocrx_word' id='word_1_195' title='bbox 262 2668 427 2751; x_wconf 87' lang='lat' dir='ltr'>perpaucis</span> <span class='ocrx_word' id='word_1_196' title='bbox 449 2675 523 2732; x_wconf 92' lang='lat' dir='ltr'>ante</span> <span class='ocrx_word' id='word_1_197' title='bbox 546 2675 678 2732; x_wconf 89' lang='lat' dir='ltr'>mortem</span> <span class='ocrx_word' id='word_1_198' title='bbox 700 2667 821 2749; x_wconf 91' lang='lat' dir='ltr'>dicbus,</span> <span class='ocrx_word' id='word_1_199' title='bbox 844 2689 916 2732; x_wconf 91' lang='lat' dir='ltr'>cum</span> <span class='ocrx_word' id='word_1_200' title='bbox 939 2676 970 2733; x_wconf 91' lang='lat' dir='ltr'>et</span> <span class='ocrx_word' id='word_1_201' title='bbox 991 2668 1100 2733; x_wconf 89' lang='lat' dir='ltr'>Philus</span> <span class='ocrx_word' id='word_1_202' title='bbox 1124 2676 1155 2733; x_wconf 93' lang='lat' dir='ltr'>et</span> 
     </span>
     <span class='ocr_line' id='line_1_26' title="bbox 128 2764 1155 2855; baseline 0.007 -27"><span class='ocrx_word' id='word_1_203' title='bbox 128 2764 266 2836; x_wconf 88' lang='lat' dir='ltr'>Manilius</span> <span class='ocrx_word' id='word_1_204' title='bbox 292 2770 419 2836; x_wconf 86' lang='lat' dir='ltr'>adesset</span> <span class='ocrx_word' id='word_1_205' title='bbox 446 2777 477 2834; x_wconf 90' lang='lat' dir='ltr'>et</span> <span class='ocrx_word' id='word_1_206' title='bbox 506 2771 560 2835; x_wconf 90' lang='lat' dir='ltr'>alii</span> <span class='ocrx_word' id='word_1_207' title='bbox 587 2772 701 2855; x_wconf 88' lang='lat' dir='ltr'>plures,</span> <span class='ocrx_word' id='word_1_208' title='bbox 730 2777 826 2852; x_wconf 90' lang='lat' dir='ltr'>tuque</span> <span class='ocrx_word' id='word_1_209' title='bbox 857 2771 962 2850; x_wconf 88' lang='lat' dir='ltr'>etiam,</span> <span class='ocrx_word' id='word_1_210' title='bbox 992 2771 1155 2852; x_wconf 82' lang='lat' dir='ltr'>Scaevola,</span> 
     </span>
     <span class='ocr_line' id='line_1_27' title="bbox 128 2873 1153 2958; baseline 0.004 -23"><span class='ocrx_word' id='word_1_211' title='bbox 128 2889 242 2938; x_wconf 90' lang='lat' dir='ltr'>mecum</span> <span class='ocrx_word' id='word_1_212' title='bbox 265 2874 416 2953; x_wconf 87' lang='lat' dir='ltr'>venisses,</span> <span class='ocrx_word' id='word_1_213' title='bbox 441 2873 578 2938; x_wconf 90' lang='lat' dir='ltr'>triduum</span> <span class='ocrx_word' id='word_1_214' title='bbox 600 2873 746 2938; x_wconf 87' lang='lat' dir='ltr'>disseruit</span> <span class='ocrx_word' id='word_1_215' title='bbox 768 2873 809 2937; x_wconf 93' lang='lat' dir='ltr'>de</span> <span class='ocrx_word' id='word_1_216' title='bbox 831 2893 865 2938; x_wconf 91' lang='lat' dir='ltr'>re</span> <span class='ocrx_word' id='word_1_217' title='bbox 888 2874 1031 2958; x_wconf 76' lang='lat' dir='ltr'>publica,</span> <span class='ocrx_word' id='word_1_218' title='bbox 1064 2875 1153 2939; x_wconf 91' lang='lat' dir='ltr'>cuius</span> 
     </span>
     <span class='ocr_line' id='line_1_28' title="bbox 126 2973 1155 3060; baseline 0.002 -22"><span class='ocrx_word' id='word_1_219' title='bbox 126 2973 341 3060; x_wconf 86' lang='lat' dir='ltr'>disputationis</span> <span class='ocrx_word' id='word_1_220' title='bbox 362 2975 423 3040; x_wconf 87' lang='grc'><strong>1111</strong></span> <span class='ocrx_word' id='word_1_221' title='bbox 445 2983 621 3041; x_wconf 83' lang='lat' dir='ltr'>extremum</span> <span class='ocrx_word' id='word_1_222' title='bbox 644 2976 710 3041; x_wconf 88' lang='lat' dir='ltr'>fere</span> <span class='ocrx_word' id='word_1_223' title='bbox 733 2975 773 3040; x_wconf 94' lang='lat' dir='ltr'>de</span> <span class='ocrx_word' id='word_1_224' title='bbox 795 2977 1019 3040; x_wconf 86' lang='lat' dir='ltr'>inmortalitate</span> <span class='ocrx_word' id='word_1_225' title='bbox 1038 2977 1155 3040; x_wconf 92' lang='lat' dir='ltr'>animo-</span> 
     </span>
     <span class='ocr_line' id='line_1_29' title="bbox 124 3078 1100 3164; baseline 0.002 -21"><span class='ocrx_word' id='word_1_226' title='bbox 124 3099 198 3161; x_wconf 89' lang='lat' dir='ltr'>rum,</span> <span class='ocrx_word' id='word_1_227' title='bbox 222 3100 303 3162; x_wconf 89' lang='lat' dir='ltr'>quae</span> <span class='ocrx_word' id='word_1_228' title='bbox 331 3100 364 3144; x_wconf 92' lang='lat' dir='ltr'>se</span> <span class='ocrx_word' id='word_1_229' title='bbox 391 3081 424 3143; x_wconf 93' lang='lat' dir='ltr'>in</span> <span class='ocrx_word' id='word_1_230' title='bbox 447 3080 552 3160; x_wconf 90' lang='lat' dir='ltr'>quiete</span> <span class='ocrx_word' id='word_1_231' title='bbox 579 3100 635 3164; x_wconf 89' lang='lat' dir='ltr'>per</span> <span class='ocrx_word' id='word_1_232' title='bbox 662 3080 764 3143; x_wconf 90' lang='lat' dir='ltr'>visum</span> <span class='ocrx_word' id='word_1_233' title='bbox 789 3100 829 3144; x_wconf 85' lang='lat' dir='ltr'>err</span> <span class='ocrx_word' id='word_1_234' title='bbox 854 3080 1003 3144; x_wconf 82' lang='lat' dir='ltr'>Africano</span> <span class='ocrx_word' id='word_1_235' title='bbox 1026 3078 1100 3145; x_wconf 80' lang='lat' dir='ltr'>au&#39;</span> 
     </span>
     <span class='ocr_line' id='line_1_30' title="bbox 124 3182 1058 3266; baseline 0 -18"><span class='ocrx_word' id='word_1_236' title='bbox 124 3183 254 3249; x_wconf 87' lang='lat' dir='ltr'>dicebat.</span> <span class='ocrx_word' id='word_1_237' title='bbox 300 3183 338 3246; x_wconf 92' lang='lat' dir='ltr'>Id</span> <span class='ocrx_word' id='word_1_238' title='bbox 368 3183 395 3248; x_wconf 90' lang='lat' dir='ltr'>si</span> <span class='ocrx_word' id='word_1_239' title='bbox 424 3184 469 3246; x_wconf 88' lang='lat' dir='ltr'>ita</span> <span class='ocrx_word' id='word_1_240' title='bbox 499 3190 555 3263; x_wconf 92' lang='lat' dir='ltr'>est,</span> <span class='ocrx_word' id='word_1_241' title='bbox 585 3189 620 3246; x_wconf 91' lang='lat' dir='ltr'>ut</span> <span class='ocrx_word' id='word_1_242' title='bbox 650 3183 760 3266; x_wconf 91' lang='lat' dir='ltr'>optimi</span> <span class='ocrx_word' id='word_1_243' title='bbox 791 3183 941 3264; x_wconf 92' lang='lat' dir='ltr'>cuiusque</span> <span class='ocrx_word' id='word_1_244' title='bbox 969 3182 1058 3249; x_wconf 87' lang='lat' dir='ltr'>anim</span> 
     </span>
     <span class='ocr_line' id='line_1_31' title="bbox 122 3285 1034 3366; baseline -0.003 -13"><span class='ocrx_word' id='word_1_245' title='bbox 122 3294 219 3353; x_wconf 90' lang='lat' dir='ltr'>morte</span> <span class='ocrx_word' id='word_1_246' title='bbox 247 3286 396 3351; x_wconf 85' lang='lat' dir='ltr'>facillime</span> <span class='ocrx_word' id='word_1_247' title='bbox 425 3286 530 3351; x_wconf 82' lang='lat' dir='ltr'>evolet</span> <span class='ocrx_word' id='word_1_248' title='bbox 558 3292 720 3366; x_wconf 89' lang='lat' dir='ltr'>tamquam</span> <span class='ocrx_word' id='word_1_249' title='bbox 753 3305 771 3349; x_wconf 91' lang='lat' dir='ltr'>e</span> <span class='ocrx_word' id='word_1_250' title='bbox 805 3285 947 3350; x_wconf 90' lang='lat' dir='ltr'>custodia</span> <span class='ocrx_word' id='word_1_251' title='bbox 978 3285 1034 3351; x_wconf 86' lang='lat' dir='ltr'>vin</span> 
     </span>
     <span class='ocr_line' id='line_1_32' title="bbox 122 3386 1034 3474; baseline -0.003 -19"><span class='ocrx_word' id='word_1_252' title='bbox 122 3389 268 3474; x_wconf 90' lang='lat' dir='ltr'>corporis,</span> <span class='ocrx_word' id='word_1_253' title='bbox 289 3389 339 3453; x_wconf 91' lang='lat' dir='ltr'>cui</span> <span class='ocrx_word' id='word_1_254' title='bbox 362 3407 526 3453; x_wconf 89' lang='lat' dir='ltr'>censemus</span> <span class='ocrx_word' id='word_1_255' title='bbox 550 3408 673 3453; x_wconf 92' lang='lat' dir='ltr'>cursum</span> <span class='ocrx_word' id='word_1_256' title='bbox 696 3386 738 3451; x_wconf 90' lang='lat' dir='ltr'>ad</span> <span class='ocrx_word' id='word_1_257' title='bbox 761 3387 837 3453; x_wconf 88' lang='lat' dir='ltr'>deos</span> <span class='ocrx_word' id='word_1_258' title='bbox 859 3387 1034 3453; x_wconf 84' lang='lat' dir='ltr'>faciliorem</span> 
     </span>
    </p>
   </div>
   <div class='ocr_carea' id='block_1_3' title="bbox 120 3590 809 3778">
    <p class='ocr_par' dir='ltr' id='par_1_4' title="bbox 120 3590 809 3778">
     <span class='ocr_line' id='line_1_33' title="bbox 120 3590 809 3678; baseline -0.004 -19"><span class='ocrx_word' id='word_1_259' title='bbox 120 3615 190 3661; x_wconf 89' lang='lat' dir='ltr'>reor</span> <span class='ocrx_word' id='word_1_260' title='bbox 211 3615 252 3660; x_wconf 91' lang='lat' dir='ltr'>ne</span> <span class='ocrx_word' id='word_1_261' title='bbox 279 3594 378 3659; x_wconf 84' lang='lat' dir='ltr'>invidi</span> <span class='ocrx_word' id='word_1_262' title='bbox 406 3596 507 3678; x_wconf 83' lang='lat' dir='ltr'>magis</span> <span class='ocrx_word' id='word_1_263' title='bbox 535 3615 629 3676; x_wconf 91' lang='lat' dir='ltr'>quam</span> <span class='ocrx_word' id='word_1_264' title='bbox 659 3593 753 3657; x_wconf 92' lang='lat' dir='ltr'>amici</span> <span class='ocrx_word' id='word_1_265' title='bbox 800 3590 809 3609; x_wconf 80' lang='grc'><strong><em>’</em></strong></span> 
     </span>
     <span class='ocr_line' id='line_1_34' title="bbox 120 3693 797 3778; baseline -0.007 -16"><span class='ocrx_word' id='word_1_266' title='bbox 120 3695 253 3778; x_wconf 86' lang='lat' dir='ltr'>veriora,</span> <span class='ocrx_word' id='word_1_267' title='bbox 268 3702 303 3759; x_wconf 93' lang='lat' dir='ltr'>ut</span> <span class='ocrx_word' id='word_1_268' title='bbox 321 3693 406 3759; x_wconf 90' lang='lat' dir='ltr'>idem</span> <span class='ocrx_word' id='word_1_269' title='bbox 429 3695 572 3759; x_wconf 90' lang='lat' dir='ltr'>interitus</span> <span class='ocrx_word' id='word_1_270' title='bbox 595 3694 763 3759; x_wconf 86' lang='grc'><strong>1111111111</strong></span> <span class='ocrx_word' id='word_1_271' title='bbox 794 3772 797 3777; x_wconf 27' lang='grc' dir='ltr'>Ι</span> 
     </span>
    </p>
   </div>
   <div class='ocr_carea' id='block_1_4' title="bbox 0 0 1310 4110">
    <p class='ocr_par' dir='ltr' id='par_1_5' title="bbox 0 0 1310 4110">
     <span class='ocr_line' id='line_1_35' title="bbox 0 0 1310 4110; baseline 0 1"><span class='ocrx_word' id='word_1_272' title='bbox 0 0 1310 4110; x_wconf 95' lang='lat' dir='ltr'> </span> 
     </span>
    </p>
   </div>
  </div>
 </body>
</html>
