2610 4110
399 108 763 174 cAP.18-20.§65-73.
938 157 943 168 ,
1055 91 1098 156 25

57 302 185 365 parem,
217 281 300 364 quod
330 283 358 348 is
387 283 529 348 anteibat
559 288 679 363 aetate,
712 289 875 365 tamquam
905 283 1097 367 superiorem

57 386 187 450 colebat
209 405 343 467 suosque
366 406 475 452 omncs
497 407 554 470 per
576 407 611 452 se
633 407 727 471 posse
746 406 816 452 esse
831 386 1000 471 ampliores
1015 387 1097 451 vole-

56 487 124 552 bat.
163 486 255 563 Quod
277 488 457 553 faciendum
480 488 731 571 imitandumque
754 496 801 554 est
824 489 979 570 omnibus,
1002 496 1046 570 ut,
1070 489 1097 555 si
1116 497 1148 544 70

57 609 158 671 quam
188 592 414 674 praestantiam
441 592 576 674 virtutis,
604 592 734 675 ingenii,
761 592 906 657 fortunae
937 591 1097 657 consecuti

56 693 134 773 sint,
163 693 345 776 impertiant
372 714 410 758 ea
437 694 501 759 suis
525 695 817 776 communicentque
841 714 912 758 cum
933 695 1095 778 proximis,

55 802 103 875 ut,
128 795 156 859 si
179 797 363 878 parentibus
389 797 455 860 nati
478 797 541 861 sint
567 796 747 877 humilibus,
772 797 799 861 si
825 797 1018 882 propinquos
1044 797 1096 861 ha·

55 899 160 963 beant
181 898 375 964 inbecilliora
397 900 449 963 vel
470 901 576 964 animo
599 900 650 963 vel
672 899 807 980 fortuna,
829 920 936 964 eorum
958 907 1096 984 augeant

54 1020 139 1084 opes
170 1001 278 1082 eisque
307 1001 418 1067 honori
448 1002 512 1067 sint
539 1009 571 1066 et
597 1001 754 1084 dignitati,
777 1009 811 1066 ut
837 1001 871 1066 in
894 1002 1019 1083 fabulis,
1043 1003 1096 1085 qui

54 1102 257 1186 aliquamdiu
287 1110 415 1188 propter
443 1105 674 1189 ignorationem
707 1104 813 1188 stirpis
847 1111 878 1170 et
906 1105 1033 1189 generis
1062 1107 1096 1170 in

54 1205 217 1270 famulatu
246 1207 371 1288 fuerint,
403 1228 475 1272 cum
505 1208 622 1292 cogniti
653 1214 726 1272 sunt
753 1213 860 1272 etant
887 1206 1016 1272 deorum
1041 1214 1096 1272 aut

54 1328 174 1392 regum
200 1308 256 1373 filii
282 1310 414 1389 inventi,
441 1311 578 1374 retinent
605 1316 711 1374 tamen
739 1310 901 1374 caritatem
930 1310 965 1374 in
993 1318 1096 1394 pasto-

53 1431 121 1493 res,
146 1431 224 1493 quos
246 1417 353 1497 patres
375 1413 489 1478 multos
511 1433 612 1477 annos
635 1433 704 1478 esse
727 1412 884 1477 duxerint.
931 1411 1022 1488 erod
1048 1420 1096 1478 est

54 1514 160 1579 multo
182 1515 322 1599 profecto
348 1517 450 1600 magis
475 1517 510 1581 in
532 1516 615 1581 veris
638 1516 780 1599 patribus
803 1515 957 1597 certisque
980 1515 1095 1580 facien-

56 1616 148 1682 dum.
192 1618 327 1683 Fructus
354 1619 439 1682 enim
466 1619 586 1701 ingenii
614 1625 645 1682 et
670 1618 794 1683 virtutis
821 1618 985 1699 omnisque
1007 1638 1095 1702 prae-

54 1719 198 1786 stantiae
221 1726 287 1784 tum
309 1720 468 1786 maximus
491 1721 620 1803 capitur,
642 1740 713 1784 cum
734 1720 768 1783 in
790 1719 968 1804 proximum
992 1740 1095 1803 quem-

55 1843 123 1905 que
147 1823 312 1887 confertur.
1107 1895 1146 1949 ab

148 1925 192 1992 Ut
206 1925 302 2010 igitur
315 1926 348 2007 ii,
361 1926 499 2008 quisunt
513 1925 547 1989 in
562 1925 720 1989 amicitiae
735 1925 1026 2008 coniunctionisque
1041 1946 1093 1991 ne·
1113 1968 1144 2014 ῃ

56 2027 252 2093 cessitudine
272 2029 458 2112 superiores,
481 2047 658 2109 exaequare
678 2046 713 2092 se
732 2047 804 2092 cum
823 2027 1023 2093 inferioribus
1042 2028 1094 2095 de·

56 2131 148 2212 bent,
165 2131 211 2196 sio
226 2131 389 2196 inferiores
406 2151 469 2196 non
486 2129 591 2195 dolere
605 2150 639 2195 se
655 2130 751 2194 asnis
762 2136 818 2193 aut
829 2130 957 2213 ingenio
970 2137 1023 2194 aut
1035 2130 1094 2195 for-

56 2240 140 2298 tuna
151 2239 205 2298 aut
216 2233 371 2317 dignitate
384 2233 534 2317 superari.
559 2232 698 2309 Quorum
709 2233 849 2318 plerique
860 2238 1095 2314 autqueruntur

56 2356 187 2420 semper
201 2335 320 2418 aliquid
335 2343 388 2400 aut
405 2337 501 2401 etiam
523 2336 725 2420 exprobrant,
742 2356 841 2417 eoque
864 2336 975 2420 magis,
992 2337 1019 2401 si
1041 2335 1094 2400 ha-

55 2441 138 2505 bere
149 2458 184 2504 se
195 2445 316 2523 putant,
329 2439 414 2521 quod
425 2439 565 2504 officiose
578 2445 608 2504 et
619 2440 720 2504 amice
733 2446 765 2504 et
781 2459 852 2503 oum
866 2439 973 2504 labore
988 2440 1093 2522 aliquo

56 2563 118 2609 suo
137 2542 255 2607 factum
271 2550 389 2624 queant
410 2543 524 2607 dicere.
559 2542 709 2608 Odiosum
724 2563 801 2608 sane
816 2563 916 2626 genus
930 2543 1093 2608 hominum

55 2645 167 2712 officia
178 2645 532 2728 exprobrantium,quae
544 2645 724 2709 meminisse
734 2644 829 2710 debet
840 2645 916 2725 is,in
928 2665 1022 2727 quem
1035 2646 1093 2709 col·

56 2749 127 2813 lata
141 2753 224 2826 sunt,
241 2768 304 2811 non
328 2767 581 2827 commemorare,
599 2747 652 2828 qui
675 2747 813 2810 contulit.
842 2746 1091 2828 Quamobrem,
1112 2762 1144 2810 72

57 2856 94 2915 ut
117 2849 151 2930 ii,
172 2849 224 2931 qui
246 2850 423 2933 superiores
446 2856 528 2930 sunt,
550 2849 743 2913 summittere
767 2869 801 2913 se
824 2848 942 2914 debent
964 2850 996 2913 in
1018 2851 1093 2915 ami-

56 2953 145 3034 citia,
169 2953 214 3017 sic
237 2951 373 3034 quodam
394 2952 487 3018 modo
509 2952 673 3017 inferiores
697 2952 855 3016 extollere.
901 2953 981 3017 Sunt
1009 2954 1093 3017 enim

57 3054 200 3140 quidam,
220 3056 273 3138 qui
291 3056 438 3121 molestas
461 3056 616 3120 amicitias
638 3055 767 3136 faciunt,
792 3075 862 3119 cum
884 3056 944 3138 ipsi
966 3076 1000 3120 se
1024 3077 1093 3120 con·

57 3158 158 3225 temni
174 3163 304 3242 putaut3
328 3158 412 3240 quod
435 3179 497 3222 non
520 3158 587 3223 fere
610 3157 764 3240 contingit
784 3157 846 3222 nisi
860 3157 909 3238 iis,
925 3159 979 3239 qui
999 3159 1092 3222 etiam

58 3260 310 3330 contemnendos
329 3281 363 3326 se
382 3261 590 3344 arbitrantur3
615 3261 668 3343 qui
682 3260 743 3324 hac
758 3261 906 3344 opinione
920 3281 984 3325 non
1000 3261 1092 3325 modo

57 3365 177 3446 verbis,
205 3363 262 3429 sed
289 3365 384 3429 etiam
413 3384 507 3448 opere
537 3364 665 3428 levandi
695 3369 775 3427 sunt.
820 3365 957 3427 Tantum
986 3373 1137 3428 autema

57 3469 174 3550 cuique
200 3467 410 3550 tribuendum,
438 3468 573 3551 primurn
600 3473 751 3557 quantum
777 3467 846 3550 ipse
874 3466 999 3530 efficere
1025 3487 1093 3550 pos·

56 3573 113 3652 sis,
138 3570 253 3635 deinde
276 3571 372 3635 etiam
395 3577 546 3653 quantum
568 3570 630 3651 ille,
657 3590 750 3650 quem
777 3568 890 3652 diligas
917 3576 1012 3651 atque
1040 3569 1092 3634 ad-

56 3675 160 3756 iuves,
188 3674 352 3740 sustinere.
398 3675 469 3739 Non
501 3674 584 3738 enim
614 3692 716 3756 neque
745 3678 780 3736 tu
809 3672 925 3757 possis,
948 3675 1136 3770 quamuis-3
1157 3662 1244 3869 ’331
