2610 4110
158 121 198 184 10
455 137 615 193 LAELIUS
633 138 683 192 DE
702 137 888 194 AMICITIA.

157 309 280 374 fabula!
306 330 377 374 cum
399 310 565 393 ignorante
587 331 672 395 rege,
695 318 766 376 uter
788 312 916 380 Orestes
940 325 1027 392 esset,
1050 315 1181 402 Pylades

157 411 300 477 Orestem
328 433 362 478 se
390 432 460 478 esse
487 413 613 496 diceret,
641 420 676 478 ut
703 436 759 498 pro
786 416 838 480 illo
865 425 1039 499 necaretur,
1063 418 1179 484 Orestes

157 522 273 597 autern,
297 516 342 579 ita
363 523 397 580 ut
420 523 497 599 erat,
521 516 664 582 Orestem
687 537 721 582 se
744 537 814 582 esse
836 527 1062 603 perseveraret.
1103 522 1178 588 Stan-
1213 522 1215 557 ³

157 624 206 682 tes
224 619 419 702 plaudebant
441 619 474 682 in
496 640 531 684 rc
552 619 642 702 ficta;
667 619 743 702 quid
765 621 954 686 arbitramur
975 623 1008 687 in
1031 643 1109 688 vera
1129 623 1178 688 lac·

157 728 242 786 turos
272 721 394 787 fuisse?
439 723 545 787 Facile
574 722 738 789 indicabat
766 724 837 808 ipsa
866 732 980 790 natura
1002 727 1067 791 vim
1092 747 1175 805 snam,

159 846 230 890 cum
259 825 411 906 homines,
443 826 525 908 quod
555 827 660 892 facere
689 828 751 910 ipsi
780 848 844 893 non
874 835 1013 912 possent,
1043 829 1078 894 id
1106 835 1175 896 recte

158 929 226 993 fieri
248 929 280 993 in
303 930 400 994 altero
423 929 606 995 iudicarent.

244 1033 406 1098 Hactenus
428 1034 506 1097 mihi
528 1033 637 1098 videor
659 1033 699 1098 de
721 1034 861 1099 amicitia
881 1035 956 1116 quid
975 1037 1123 1103 sentirem
1136 1049 1174 1120 po

158 1137 256 1201 tuisse
282 1136 404 1219 dicere,
436 1137 463 1201 si
486 1157 548 1218 qua
570 1143 733 1221 praeterea
760 1144 832 1202 sunt
856 1137 962 1225 (credo
988 1146 1095 1205 autem
1121 1157 1174 1204 esso

158 1239 280 1324 multa),
295 1242 336 1305 ab
359 1240 408 1320 iis,
427 1241 455 1303 si
477 1239 643 1321 videbitur,
660 1240 713 1322 qui
735 1241 796 1306 ista
819 1241 989 1326 disputant,
1005 1243 1172 1325 quaeritote.

107 1353 140 1402 as
245 1344 392 1407 Fuuums.
420 1344 487 1408 Nos
509 1349 615 1408 autem
637 1364 657 1407 a
679 1350 712 1408 te
733 1345 853 1429 potius;
883 1365 1074 1429 quamquam
1096 1346 1173 1410 etian

158 1447 199 1511 ab
222 1447 290 1511 istis
314 1466 409 1530 saepe
432 1446 574 1527 quaesivi
598 1453 629 1510 et
650 1446 756 1511 audivi
784 1469 848 1513 non
879 1447 997 1513 invitus
1026 1448 1172 1530 equidem

159 1549 216 1614 sed
237 1548 324 1613 aliud
347 1548 504 1630 quoddam
526 1548 612 1613 filum
635 1550 786 1615 orationis
808 1556 889 1615 tuae.

246 1653 420 1718 Scrnvoun.
451 1653 532 1716 Tum
558 1653 661 1735 magis
686 1652 721 1716 id
747 1652 878 1735 diceres,
901 1653 1014 1736 Fanni,
1039 1655 1065 1720 si
1091 1671 1175 1737 nuper

159 1758 192 1820 in
218 1755 317 1820 hortis
339 1755 504 1838 Scipionis,
529 1775 600 1819 cum
629 1762 677 1820 est
706 1755 746 1820 de
772 1777 806 1821 re
833 1756 961 1839 publiea
987 1757 1173 1840 disputatum,

160 1859 325 1925 adfuisses.
354 1858 462 1935 Qualis
477 1864 543 1922 tum
558 1865 709 1942 patronus
731 1859 870 1923 iustitiae
892 1858 951 1923 fuit
973 1865 1082 1924 contra
1102 1876 1177 1923 acon*

159 1968 260 2026 ratam
283 1962 456 2027 orationem
478 1961 575 2025 Phili!

246 2067 394 2130 Firmus.
425 2065 532 2130 Facile
559 2064 592 2128 id
615 2065 742 2147 quidem
765 2065 824 2130 fuit
846 2064 998 2130 iustitiam
1021 2065 1175 2131 iustissim

160 2169 228 2234 viro
251 2168 430 2233 defendere.

247 2273 421 2338 Sonuvom.
447 2270 555 2346 Ouid?
578 2271 750 2335 amicitiam
771 2270 992 2336 nonnefacile
1016 2271 1055 2353 ei,
1075 2271 1126 2352 qui
1145 2265 1175 2331 ob

161 2395 232 2440 eam
259 2394 381 2438 summa
407 2373 479 2455 fide,
504 2375 681 2439 constantia
707 2374 887 2456 iustitiaque
915 2382 1073 2438 servatam
1094 2367 1178 2438 mari·

161 2499 246 2541 mam
269 2478 402 2560 gloriam
425 2478 567 2561 ceperit?
1212 2468 1215 2563 l

248 2580 395 2644 Lnnnms.
427 2580 498 2644 Vim
520 2579 581 2644 hoc
603 2580 729 2663 quidem
753 2588 801 2645 est
823 2580 956 2646 adferre.
1002 2580 1086 2657 Quid
1108 2577 1179 2644 enlm
1213 2590 1215 2641 Ι

161 2683 266 2764 refert,
291 2704 352 2765 qua
374 2702 425 2746 me
448 2683 568 2748 ratione
596 2684 741 2766 cogatis?
789 2683 908 2765 Oogitis
935 2688 1027 2748 certe.
1074 2677 1181 2749 studiis

162 2787 247 2850 enim
277 2806 473 2869 generorum,
500 2788 685 2869 praesertim
713 2787 746 2851 in
775 2806 809 2850 re
839 2788 932 2867 bona,
964 2807 1035 2850 cum
1065 2780 1181 2849 difficile

163 2896 212 2954 est
233 2897 300 2953 tum
322 2910 363 2954 ne
384 2910 520 2971 aequum
543 2888 669 2970 quidem
692 2890 853 2954 obsistere.

171 3016 198 3078 χ
250 2993 441 3076 Saepissime
463 2993 559 3075 igitur
580 2992 658 3056 mihi
681 2992 720 3056 de
736 2992 874 3057 amicitia
890 2993 1041 3076 cogitanti
1056 2991 1183 3057 mamma

162 3097 240 3162 illud
267 3095 529 3161 considerandum
554 3095 655 3159 videri
681 3096 768 3176 solet,
792 3102 896 3160 utrum
918 3101 1045 3179 propter
1067 3089 1186 3178 inbccil-

162 3203 284 3267 litatem
306 3207 401 3282 atque
423 3199 562 3282 inopiam
584 3199 764 3293 desiderata
791 3200 831 3263 sit
853 3198 1000 3280 amicitia,
1023 3205 1059 3263 ut
1082 3193 1187 3262 dandIs

163 3302 438 3388 reciperandisque
459 3302 587 3383 meritis,
605 3302 689 3385 quod
713 3303 844 3384 quisque
867 3302 969 3388 minus
991 3322 1049 3385 per
1072 3321 1106 3367 se
1128 3301 1188 3384 ipse

164 3413 283 3491 posset,
314 3405 348 3469 id
380 3405 538 3488 acciperet
571 3405 612 3468 ab
642 3405 704 3470 alio
734 3405 935 3485 vicissimque
965 3403 1125 3485 redderet,
1153 3418 1188 3466 an

164 3517 248 3574 essct
274 3508 334 3573 hoc
361 3507 489 3590 quidem
515 3507 675 3591 proprium
702 3507 868 3586 amicitiae,
897 3506 953 3571 sed
980 3505 1137 3590 antiquior
1163 3506 1190 3566 ct

165 3612 321 3696 pulchrior
351 3618 382 3676 et
411 3611 513 3693 magis
542 3630 562 3673 a
591 3617 704 3675 natura
733 3611 804 3694 ipsa
833 3608 976 3694 profecta
1002 3609 1066 3673 alia
1093 3624 1188 3673 causa.

164 3717 261 3778 Amor
284 3714 378 3795 euim,
403 3734 443 3777 ex
467 3734 527 3795 quo
550 3714 689 3778 amicitia
712 3712 874 3777 nominata
897 3719 954 3792 est,
977 3712 1124 3795 priuceps
1149 3709 1191 3774 esi

110 2632 143 2679 26
