2610 4110
225 107 264 170 16
522 121 683 178 LAELIUS
700 122 750 178 DE
768 120 955 177 AMICITIA.

223 295 335 380 eoepit,
358 295 482 362 labitur.
521 294 653 375 Videtis,
676 295 710 358 in
737 295 855 359 tabella
881 295 946 358 iam
972 299 1048 359 ante
1071 299 1192 376 quanta
1217 292 1252 357 sit

223 399 309 463 faeta
329 398 428 480 labes,
444 398 545 482 primo
561 398 698 464 Gabinia
719 398 800 480 lege,
816 398 944 463 biennio
966 403 1074 462 autem
1095 402 1169 480 post
1186 397 1253 462 Oas·
1292 446 1295 453 .

224 502 280 566 sia.
319 501 436 566 Videre
464 502 528 565 iam
558 500 668 566 videor
693 501 845 585 populum
871 521 892 565 1
918 507 1031 565 111111
1054 499 1252 578 disiunctum,

224 605 313 669 multi
314 604 432 670 tudinis
458 604 587 669 arbitrio
614 624 664 670 res
686 605 842 669 maximas
864 604 926 688 agi.
972 604 1083 668 Plures
1106 603 1193 667 enim
1216 600 1254 664 di·
1299 650 1301 654 .

203 714 313 773 .tsccn
316 728 440 790 ,quem
466 706 508 770 ad
531 706 660 771 modum
681 707 761 772 haec
783 706 862 770 fiant
848 712 991 790 t,quam
1014 725 1107 788 quem
1130 704 1174 770 ad
1198 724 1255 769 mo
1296 754 1301 793 3

173 809 572 875 411111111111111111
619 808 775 885 Quorsum
801 809 909 874 hacc?
954 807 1037 884 Quia
1065 808 1136 872 sine
1165 807 1255 872 sociis

224 934 318 978 nemo
341 913 508 994 quicquam
534 913 599 977 tale
622 918 760 977 conatur.
806 911 1069 996 Praecipiendum
1092 916 1142 976 est
1162 911 1256 994 igitur

225 1016 327 1096 bonis,
350 1021 393 1096 ut,
417 1017 444 1080 si
470 1017 504 1080 in
534 1016 602 1081 eius
631 1016 717 1080 modi
743 1016 898 1081 amicitias
924 1014 1027 1098 ignari
1054 1014 1256 1096 casualiquo

224 1119 402 1199 inciderint,
426 1139 467 1184 ne
494 1119 676 1183 existiment
702 1119 747 1182 111
774 1139 808 1184 11
834 1117 1000 1202 adligatos,
1023 1123 1058 1182 ut
1083 1118 1125 1182 ab
1149 1116 1257 1181 amicis
1294 1172 1300 1202 ,Ἴ

225 1225 259 1287 11
282 1243 399 1306 magna
421 1223 528 1304 aliqua
549 1242 584 1286 re
611 1222 816 1306 peccantibus
842 1243 906 1287 non
934 1219 1115 1304 discedant;
1147 1220 1257 1304 impro

226 1326 276 1391 bis
303 1332 409 1390 autem
434 1345 537 1409 poena
559 1324 727 1390 statuenda
749 1330 806 1406 est,
830 1345 890 1389 nec
912 1344 986 1390 vcro
1008 1324 1110 1388 minor
1132 1323 1184 1404 iis,
1209 1321 1258 1405 qui

227 1428 327 1493 secuti
357 1434 447 1493 crunt
475 1429 619 1508 alterum,
643 1447 738 1510 quam
767 1428 816 1508 iis,
840 1428 894 1509 qui
920 1427 981 1510 ipsi
1007 1425 1125 1490 fuerint
1151 1426 1258 1510 impie·
1297 1492 1301 1503 ,

227 1532 302 1596 11111
329 1530 434 1596 duces.
481 1529 560 1606 Quis
587 1530 697 1594 clarior
723 1531 757 1595 in
784 1530 918 1595 Graecia
939 1529 1161 1609 Themistocle,
1191 1529 1259 1610 quis

227 1634 409 1719 potentior?
458 1632 520 1709 Qui
548 1653 619 1697 cum
647 1633 818 1717 imperator
844 1634 925 1698 bello
952 1632 1079 1698 Persico
1106 1632 1259 1696 servitute

228 1737 394 1802 Graeciam
426 1735 624 1801 liberavisset
657 1742 847 1820 propterque
878 1734 1032 1799 invidiam
1064 1735 1098 1798 in
1129 1735 1260 1800 exilium

228 1839 381 1924 expulsus
400 1846 492 1919 esset,
507 1838 652 1922 ingratae
669 1840 791 1923 patriae
812 1840 959 1903 iniuriam
981 1858 1046 1902 non
1067 1838 1148 1919 tulit,
1164 1859 1261 1920 quam

229 1943 311 2007 ferre
337 1942 455 2023 debuit,
478 1942 554 2006 fecit
579 1941 674 2023 idern,
698 1942 781 2026 quod
807 1967 849 2005 xx
870 1943 962 2007 annis
988 1948 1064 2008 ante
1090 1941 1177 2024 apud
1206 1962 1261 2007 nos

229 2046 347 2112 fecerat
370 2046 561 2111 Coriolanus.
596 2046 655 2111 His
677 2045 802 2110 adiutor
824 2051 932 2110 contra
953 2045 1090 2129 patriam
1111 2046 1262 2110 inventus

177 2155 408 2233 4311111111;
431 2149 538 2230 itaque
560 2155 692 2213 mortem
715 2149 776 2214 sibi
797 2155 928 2231 uterque
950 2148 1112 2214 conscivit.
1157 2147 1262 2225 Quare

228 2252 301 2316 talis
327 2252 539 2335 improborum
566 2251 730 2316 consensio
757 2272 820 2317 non
843 2251 935 2316 modo
959 2251 1164 2316 excusatione
1188 2251 1263 2315 ami-

229 2355 322 2418 citiae
345 2352 483 2436 tegenda
505 2374 569 2418 non
592 2359 649 2434 est,
673 2353 729 2418 sed
751 2354 854 2438 potius
877 2354 1030 2439 supplicio
1053 2353 1139 2417 omni
1161 2354 1264 2418 vindi-

230 2455 332 2521 canda
358 2463 413 2538 est,
437 2462 535 2520 utne
558 2457 626 2537 quis
649 2476 833 2522 concessum
856 2463 944 2541 putet
966 2457 1103 2520 amicum
1124 2456 1178 2521 vel
1202 2457 1264 2522 bel·

229 2559 294 2623 lum
320 2559 440 2642 patriae
467 2559 655 2624 inferentem
683 2559 789 2643 sequi,
821 2558 904 2640 quod
926 2558 1063 2641 quidem,
1087 2564 1198 2623 utres
1221 2561 1265 2624 ire

229 2661 341 2746 coepit,
366 2660 452 2724 haud
474 2662 537 2726 scio
559 2681 602 2725 an
624 2661 794 2744 aliquando
816 2662 955 2726 futurum
978 2663 1027 2727 sit.
1055 2661 1134 2726 Mihi
1155 2669 1266 2727 autem

228 2785 292 2830 non
322 2765 434 2830 minori
465 2785 558 2830 curae
589 2771 636 2829 est
639 2765 771 2846 ,qualis
801 2785 852 2830 res
881 2765 1006 2848 publica
1033 2770 1265 2848 postmortem

229 2889 332 2933 meam
355 2868 403 2932 fut
391 2875 469 2948 tu,ra
494 2888 588 2950 qnam
611 2869 711 2949 qualis
735 2867 891 2932 hodiet
851 2869 899 2932 111.

315 2971 441 3035 Haec
433 2971 491 3053 igit
493 2991 529 3034 ur
558 2971 659 3054 prima
687 2972 741 3034 lex
771 2959 929 3035 amicitiae
959 2971 1081 3036 sanciat
1082 2991 1128 3052 ur,
1158 2978 1194 3037 ut
1224 2973 1264 3037 ab

229 3074 338 3138 amieis
365 3074 498 3138 honesta
524 3081 678 3157 petamus,
702 3074 872 3138 amicorum
896 3094 992 3138 causa
1013 3074 1147 3139 honesta
1169 3073 1265 3140 facia·
1299 3126 1301 3133 .

228 3197 311 3258 mus,
342 3197 383 3241 ne
414 3185 617 3260 expectemus
648 3176 789 3259 quidem,
821 3176 896 3241 dum
930 3196 1091 3260 rogemur,
1124 3177 1266 3242 studium

229 3301 353 3364 semper
368 3280 460 3360 adsit,
477 3280 634 3344 cunetatio
657 3281 749 3360 absit,
767 3281 930 3344 consilium
952 3300 1027 3344 vero
1051 3279 1127 3344 dare
1147 3280 1266 3346 audea-

229 3404 299 3448 mus
325 3384 432 3448 libere.
478 3384 651 3448 Plurimum
677 3383 711 3446 in
733 3383 871 3447 amicitia
894 3383 1068 3449 amicorum
1089 3384 1173 3448 bene
1197 3404 1266 3449 sua·

230 3485 371 3550 dentium
398 3486 503 3550 valeat
529 3485 708 3565 auctoritas,
733 3504 833 3566 eaque
861 3490 891 3549 et
917 3484 1106 3549 adhibeatur
1132 3483 1175 3549 ad
1202 3506 1267 3553 mo
1298 3486 1301 3525 ³

229 3588 369 3652 nendum
403 3608 466 3652 non
500 3587 593 3653 modo
626 3593 750 3671 aperte,
781 3586 837 3651 sed
872 3587 966 3651 etiam
996 3589 1124 3667 1111111,
1156 3588 1184 3652 11
1215 3608 1267 3655 res
1299 3574 1301 3617 ³

171 3706 207 3750 11
219 3691 405 3772 postulabit,
432 3698 464 3756 11
485 3690 648 3756 adhibitae
671 3696 827 3776 pareatur.
856 3691 939 3754 Nam
963 3689 1161 3773 quibusdam,
1186 3711 1267 3775 quos
1298 3684 1301 3755 ἰ

178 2949 214 3003 13

177 3024 211 3070 44
