2610 4110
401 171 483 225 car.
498 175 606 228 13-15.
625 177 640 236 t
657 175 768 229 rs-sr.
1061 159 1100 221 19

55 346 198 411 caritate
220 345 307 427 vulgi
329 344 518 410 abhorreret.
563 346 665 427 Atque
689 345 783 410 etiam
806 345 883 409 mihi
907 346 1034 428 quidem
1056 348 1099 412 vi-
1118 369 1150 416 sr

54 448 183 513 dentur
205 449 258 529 qui
280 447 449 512 utilitatum
472 467 568 512 causa
589 447 713 531 tingunt
735 448 891 513 amicitias
917 450 1100 515 amabilissi-

53 572 151 616 mum
179 550 297 616 nodum
324 551 482 614 amicitiae
509 551 627 616 tollere.
673 553 745 616 Non
774 551 857 615 enirn
888 558 957 616 tam,
983 553 1100 618 utilitas

53 660 157 739 parta
179 674 236 736 per
257 653 393 717 amicum
417 671 512 734 quam
534 653 628 716 amici
649 674 737 717 amor
760 654 828 737 ipse
854 653 999 736 delectat,
1023 661 1100 719 tum-

54 777 124 839 que
154 754 234 820 illud
259 755 303 838 tit,
328 755 412 837 quod
438 756 478 818 ab
506 756 608 820 amieo
636 762 684 820 est
709 756 894 839 profectum,
917 758 1098 839 iucundum,

52 860 82 925 si
111 878 188 924 cum
211 857 312 922 studio
340 864 387 923 est
413 857 603 942 profectum3
632 864 818 941 tantumque
845 861 945 940 abest,
969 867 1003 924 ut
1025 862 1099 924 ami-

52 961 160 1027 citiae
186 967 312 1044 propter
338 961 547 1043 indigentiam
570 962 719 1042 colantur,
743 969 777 1025 ut
800 962 832 1043 ii,
856 963 909 1043 qui
932 964 1045 1046 opibus
1068 970 1099 1028 et

51 1064 166 1149 copiis
180 1064 381 1145 maximeque
397 1063 521 1144 virtute,
538 1063 571 1126 in
595 1083 657 1146 qua
678 1065 846 1148 plurimum
869 1072 917 1130 est
940 1067 1097 1149 praesidii,

54 1167 196 1232 minime
225 1167 353 1231 alterius
383 1166 556 1250 indigeant,
586 1167 798 1232 liberalissimi
830 1169 893 1231 sint
923 1175 954 1232 et
983 1169 1098 1234 benefi-

53 1270 249 1336 centissimi.

152 1374 256 1455 Atque
271 1371 356 1436 haud
372 1373 470 1437 seiam
492 1393 534 1436 an
556 1393 596 1436 ne
619 1393 698 1456 opus
720 1373 761 1438 sit
784 1372 910 1455 quidem
934 1373 1012 1438 nihil
1034 1395 1098 1438 um·

54 1498 161 1561 quam
183 1477 310 1542 omnino
329 1475 440 1540 deesse
462 1476 581 1541 amicis.
606 1477 669 1542 Ubi
693 1477 777 1540 enim
799 1476 904 1541 studia
926 1483 1033 1541 nostra
1055 1478 1098 1542 vi-

53 1581 217 1666 guissent,
245 1579 272 1645 si
298 1599 471 1660 numquam
498 1579 636 1660 consilio,
664 1600 836 1661 numquam
866 1600 962 1663 opera
991 1587 1098 1645 nostra

55 1704 121 1749 nec
146 1682 232 1747 domi
254 1702 315 1746 nec
337 1682 468 1746 militiae
490 1682 595 1766 Scipio
619 1683 783 1766 eguisset?
806 1684 879 1747 Non
902 1683 997 1767 igitur
1019 1684 1097 1747 utili-

53 1793 162 1851 tatem
188 1785 337 1866 amicitia,
361 1784 418 1849 sed
444 1784 562 1849 utilitas
588 1785 759 1849 amicitiam
787 1793 895 1850 secuta
923 1793 978 1851 est.
1023 1788 1096 1852 Non
1114 1769 1148 1889 ἐξ

54 1909 138 1974 ergo
156 1895 247 1953 erunt
261 1887 405 1953 homines
421 1887 542 1953 deliciis
558 1887 737 1953 diffluentes
751 1888 911 1970 audiendi,
929 1890 955 1954 si
971 1890 1097 1972 quando

56 1992 102 2057 de
116 1991 268 2072 amicitia,
285 2011 380 2072 quam
397 2011 457 2055 neo
479 2011 538 2056 usu
560 2011 620 2055 nec
641 1991 763 2056 ratione
785 1992 905 2055 habent
928 1993 1096 2076 cognitam,

55 2095 280 2179 disputabunt.
304 2095 388 2159 Nam
411 2095 479 2177 quis
503 2101 559 2174 est,
579 2114 635 2178 pro
658 2094 787 2158 deorum
810 2094 906 2160 tidem
928 2102 1023 2176 atque
1046 2095 1097 2160 ho·

55 2199 194 2278 minum,
219 2198 272 2280 qui
298 2197 384 2279 velit,
407 2205 442 2262 ut
471 2217 575 2280 neque
602 2197 713 2280 diligat
735 2218 925 2280 quemquam
948 2218 1007 2263 nec
1028 2199 1097 2282 ipse

51 2303 103 2368 ab
131 2301 196 2366 ullo
223 2300 380 2384 diligatur,
405 2300 618 2365 circumfluere
645 2301 790 2366 omnibus
817 2302 915 2386 copiis
941 2308 1037 2384 atque
1063 2303 1097 2366 in

55 2403 205 2471 omnium
226 2423 330 2468 rerum
356 2402 552 2467 abundantia
573 2404 707 2468 vivere?
751 2405 838 2469 Haec
865 2406 948 2469 enim
976 2411 1024 2470 est
1050 2412 1096 2488 ty·

54 2526 234 2573 rannorum
261 2507 329 2570 vita
355 2506 512 2586 nimirum,
535 2507 568 2570 in
595 2526 658 2588 qua
685 2506 771 2571 nulla
797 2507 886 2588 fides,
910 2508 996 2573 nulla
1023 2509 1097 2573 eari-

56 2619 124 2691 tas,
141 2609 227 2674 nulla
246 2610 368 2674 stabilis
387 2610 619 2674 benivolentiae
639 2616 742 2692 potest
762 2630 831 2675 esse
850 2610 975 2691 fiducia,
992 2613 1097 2676 omnia

57 2733 192 2797 semper
220 2719 366 2797 suspecta
395 2719 490 2794 atque
520 2712 662 2794 sollicita,
685 2713 789 2778 nullus
815 2714 902 2778 loeus
928 2713 1095 2781 amicitiae.

60 2816 146 2900 Quis
176 2816 261 2880 enim
290 2823 346 2880 aut
373 2836 445 2879 eum
472 2815 591 2898 diligat,
616 2835 709 2897 quem
735 2821 863 2898 metuat,
887 2823 942 2880 aut
969 2837 1050 2899 eum,
1077 2835 1148 2882 aas

58 2940 128 3004 qno
152 2938 186 2984 se
208 2919 306 2983 metui
328 2918 442 3003 putet?
481 2919 631 2984 Coluntur
658 2924 763 2982 tamen
791 2919 989 2984 simulatione
1012 2919 1099 2985 dum·

60 3028 157 3088 taxat
179 3021 221 3085 ad
242 3026 376 3105 tempus.
415 3019 506 3096 Quod
529 3021 556 3086 si
577 3021 667 3102 forte,
690 3027 725 3085 ut
746 3021 782 3084 fit
804 3023 997 3107 plerumque,
1021 3024 1099 3089 ceci-

61 3124 191 3205 derunt,
214 3129 281 3188 tum
303 3124 503 3206 intellegitur,
528 3144 622 3205 quam
645 3124 762 3189 fuerint
783 3125 894 3208 inopes
916 3126 1096 3191 amicorum.

62 3225 160 3304 Quod
180 3227 393 3308 Tarquinium.
409 3225 528 3291 dixisse
555 3226 668 3306 ferunt,
692 3233 759 3292 tum
786 3227 966 3292 exulantem
994 3249 1028 3293 se
1055 3230 1098 3293 in·

63 3329 236 3410 tellexisse,
254 3348 332 3410 quos
353 3327 433 3393 fidos
455 3328 573 3393 amicos
595 3328 767 3411 habuisset,
784 3350 861 3412 quos
882 3329 1007 3412 infidos,
1028 3352 1098 3395 cum

64 3434 132 3499 iam
160 3433 279 3497 neutris
306 3433 440 3515 gratiam
465 3431 583 3497 referre
610 3440 725 3516 posset.
771 3432 969 3516 Quamquam
994 3435 1097 3516 miror,
1117 3453 1150 3501 54

65 3537 120 3601 illa
132 3535 280 3619 superbia
291 3542 322 3599 et
337 3535 573 3618 importunitate
589 3535 615 3599 si
627 3556 817 3618 quemquam
832 3537 967 3601 amicum
982 3537 1099 3603 habere

65 3638 178 3724 potuit.
216 3640 321 3720 Atque
343 3645 378 3702 ut
399 3638 502 3718 huius,
526 3658 619 3720 quem
642 3638 719 3720 dixi,
742 3659 844 3705 mores
866 3659 960 3705 veros
981 3641 1104 3704 amieos

60 3761 177 3823 parare
200 3761 264 3806 non
284 3747 467 3825 potuerunt,
491 3742 539 3809 sic
561 3743 738 3812 multorum
759 3766 842 3832 opes
861 3742 1137 3830 praepotentum
