2610 4110
233 103 274 166 26
534 118 695 173 LAELIUS
713 118 763 171 DE
781 118 968 174 AMICITIA.

234 293 382 373 excellas,
406 311 515 357 omnes
538 297 608 356 tuos
631 291 673 355 ad
694 292 830 357 honores
852 292 1063 376 amplissimos
1086 292 1265 377 perducere,
1297 304 1303 362 i.

232 403 267 460 ut
294 396 398 479 Scipio
421 397 455 459 P.
472 395 632 478 Rupilium
660 396 761 479 potuit
789 397 949 460 consulem
977 396 1112 477 efficere,
1140 395 1267 461 fratrem

234 500 301 564 eius
316 500 349 563 L.
368 518 431 562 non
454 499 572 582 potuit3
597 498 680 579 quod
704 499 730 563 si
754 499 849 562 etiam
872 499 973 582 possis
997 499 1123 581 quidvis
1146 499 1267 564 deferre
1295 528 1305 565 r

232 602 273 666 ad
303 602 446 682 alterum,
477 599 649 665 videndum
679 608 727 665 cst
757 607 874 682 tamen,
906 600 981 683 quid
1011 603 1063 666 ille
1093 603 1194 686 possit
1224 623 1267 668 su·
1297 611 1304 671 'r

233 705 359 769 stinere.

182 825 215 872 m
319 807 456 873 Omnino
478 807 636 870 amicitiae
660 807 866 872 corroboratis
880 807 945 871 iam
961 807 1217 890 confirmatisque
1238 814 1268 873 et
1298 839 1302 869 ;

232 911 369 993 ingeniis
400 917 430 974 et
460 910 619 974 aetatibus
649 909 839 974 iudicandae
870 916 952 990 sunt,
983 931 1052 991 neo,
1083 911 1109 975 si
1141 911 1197 993 qui
1226 911 1268 974 in-
1303 960 1305 978 .

233 1019 327 1078 eunte
360 1019 464 1077 aetate
497 1012 636 1077 venandi
672 1019 728 1076 aut
757 1013 840 1096 pilae
876 1012 1007 1078 studiosi
1037 1014 1180 1094 fuerunt,
1217 1032 1268 1079 eos
1297 1044 1303 1084 r

232 1116 350 1180 habere
381 1116 585 1196 necessarios,
619 1135 696 1196 quos
728 1122 793 1179 tum
827 1114 937 1180 eodem
974 1115 1077 1181 studio
1108 1116 1267 1200 praeditos
1298 1158 1303 1205 ¹1

233 1219 419 1283 dilexerunt.
487 1219 552 1282 Isto
590 1219 673 1281 enim
711 1218 805 1282 modo
842 1220 980 1284 nutrices
1017 1225 1048 1283 et
1087 1219 1266 1303 paedagogi
1297 1249 1302 1309 ς

232 1322 299 1386 iure
321 1320 487 1385 vetustatis
510 1321 678 1404 plurimum
700 1321 934 1386 benivolentiae
960 1323 1184 1407 postulabunt3
1216 1321 1266 1403 qui
1298 1352 1302 1375 ι

232 1423 424 1507 neglegendi
455 1422 583 1504 quidemr
613 1444 677 1487 non
716 1430 799 1504 sunt,
827 1423 884 1488 sed
911 1425 972 1489 alio
1007 1424 1144 1506 quodam
1176 1425 1268 1492 modo
1298 1455 1302 1495 3

233 1526 440 1592 aestimandi.
496 1527 595 1591 Aliter
625 1526 783 1590 amicitiae
814 1527 943 1592 stabiles
977 1547 1163 1611 permanere
1205 1548 1266 1593 non
1299 1558 1302 1563 ·

231 1635 371 1713 possunt.
432 1628 582 1711 Dispares
616 1629 701 1692 enim
735 1649 852 1709 mores,
891 1629 1030 1713 disparia
1076 1630 1184 1695 studia
1224 1651 1266 1696 se·
1300 1686 1303 1701 ,

233 1740 379 1814 quantur,
410 1751 541 1813 quorum
575 1730 796 1796 dissimilitudo
831 1731 980 1797 dissociat
1002 1733 1175 1818 amicitias3
1209 1753 1267 1798 neo
1301 1778 1303 1801 .

232 1838 272 1901 ob
303 1835 398 1898 aliam
428 1854 555 1898 causam
585 1834 681 1897 ullam
708 1835 783 1898 boni
810 1835 975 1918 improbis,
1007 1836 1142 1919 improbi
1176 1837 1267 1903 bonis
1301 1890 1303 1908 ,

231 1939 325 2002 amici
353 1959 422 2003 esse
449 1958 512 2002 non
541 1943 682 2020 possunt,
706 1937 767 2002 nisi
790 1937 873 2018 quod
899 1944 989 2002 tanta
1016 1945 1064 2003 est
1090 1939 1176 2004 inter
1204 1959 1266 2019 eos,

233 2047 352 2123 quanta
396 2041 536 2104 maxima
580 2047 684 2123 potest
730 2059 816 2120 esse,
863 2061 984 2105 morum
1030 2041 1267 2124 studiorumque
1301 2072 1304 2115 1

233 2144 392 2217 distantia.

181 2272 213 2319 75
317 2249 415 2311 Recte
443 2247 538 2310 etiam
566 2245 705 2329 praecipi
728 2251 831 2328 potest
857 2245 891 2309 in
914 2246 1071 2326 amicitiis,
1094 2267 1136 2312 ne
1158 2247 1268 2312 intem-
1302 2306 1304 2311 .

231 2357 341 2434 perata
357 2348 512 2430 quaedam
536 2348 758 2429 benivolentia,
775 2348 859 2430 quod
878 2368 1032 2432 persaepe
1054 2348 1098 2430 fit,
1114 2350 1269 2433 impediat

231 2473 364 2534 magnas
393 2452 543 2515 utilitates
573 2451 753 2516 amicorum.
799 2453 868 2516 Nec
895 2453 988 2531 enim,
1012 2459 1047 2516 ut
1072 2451 1114 2517 ad
1141 2452 1268 2520 fabulas

230 2556 369 2634 redeam,
392 2556 518 2620 Troiam
542 2556 767 2638 Neoptolemus
794 2576 907 2639 capere
930 2557 1093 2640 potuisset,
1118 2557 1145 2622 si
1168 2559 1267 2641 Lyco

231 2659 366 2739 medem,
393 2657 478 2742 apud
506 2678 598 2740 quem
626 2665 692 2722 erat
721 2658 881 2738 educatus
905 2659 1010 2723 multis
1034 2679 1105 2724 cum
1127 2661 1267 2725 lacrimis

231 2764 290 2828 iter·
317 2783 408 2826 suum
435 2760 659 2845 impedientem
687 2760 796 2825 audire
818 2762 979 2831 voluisset.
1025 2764 1064 2826 Et
1096 2783 1194 2847 saepe
1222 2763 1267 2827 in·

231 2865 340 2929 cidunt
362 2884 498 2946 magnae
521 2883 580 2943 res,
604 2870 637 2927 ut
661 2863 887 2928 discedendum
910 2865 950 2929 sit
972 2865 1012 2929 ab
1035 2865 1163 2949 amicis;
1189 2886 1268 2948 quas

232 2969 285 3049 qui
310 2965 463 3050 impedire
490 2967 566 3046 vult,
591 2966 675 3047 quod
701 2966 893 3031 desiderium
920 2989 983 3033 non
1006 2968 1098 3032 facile
1121 2968 1213 3050 ferat,
1239 2969 1268 3033 is

232 3077 263 3134 et
289 3069 431 3133 infirmus
458 3077 506 3131 est
533 3068 696 3150 mollisque
723 3075 837 3133 natura
860 3076 891 3134 ot
913 3071 953 3135 ob
977 3090 1048 3134 eam
1070 3071 1174 3154 ipsam
1198 3092 1268 3137 cau·

181 3193 213 3240 uc
232 3193 298 3238 sam
321 3173 354 3235 in
376 3171 516 3234 amicitia
539 3192 650 3254 parum
673 3172 782 3236 iustus.
828 3174 932 3254 Atque
959 3173 992 3236 in
1020 3173 1105 3237 omni
1132 3194 1168 3238 re
1197 3195 1267 3240 con-

231 3273 433 3340 siderandum
456 3280 504 3338 est
527 3281 557 3337 et
580 3274 656 3356 quid
679 3276 817 3359 postules
832 3277 873 3340 ab
889 3276 990 3339 amico
1007 3283 1038 3340 et
1054 3276 1130 3358 quid
1144 3279 1267 3361 patiare
1299 3314 1302 3319 ·

230 3400 250 3442 a
273 3386 303 3442 te
326 3377 495 3460 impetrari.

178 3496 213 3549 21
316 3481 372 3544 Est
395 3480 488 3543 etiam
513 3479 668 3560 quaedam
691 3482 853 3545 calamitas
875 3482 908 3544 in
935 3483 1081 3548 amicitiis
1108 3483 1267 3550 dimitten-

159 3658 163 3667 .
232 3583 280 3648 dis
306 3603 369 3646 non
399 3602 571 3662 numquam
602 3584 795 3666 necessaria3
826 3584 889 3647 iam
917 3585 1001 3648 enim
1028 3607 1048 3649 a
1074 3587 1268 3670 sapientium
1296 3660 1301 3665 ,

98 3691 161 3779 ,333⁵
189 3674 493 3781 ‘sfria'mi‘liffiritatibus
520 3685 562 3749 ad
584 3686 730 3769 vulgaros
752 3687 907 3751 amicitias
930 3689 1029 3753 oratio
1051 3695 1160 3754 nostra
1183 3691 1267 3756 dela·
