2610 4110
169 123 189 186 6
469 139 630 194 nannius
649 108 697 193 mm
716 139 904 195 Amrorvrn.

170 313 249 377 ullus
265 322 377 378 sensus
396 319 533 395 maneat,
549 320 583 377 ut
605 313 684 377 nihil
706 313 782 378 boni
804 320 853 379 est
874 313 907 377 in
931 320 1041 396 morte,
1058 315 1104 380 sic
1123 297 1185 380 'cern

169 416 248 480 nihil
263 417 354 499 mali3
379 437 474 482 sensu
498 418 582 482 enim
604 417 722 482 amisso
743 417 780 481 fit
802 417 896 499 idern,
914 418 1004 500 quasi
1026 426 1120 483 natus
1141 437 1185 481 non

170 526 253 584 esset
273 520 409 601 omnino,
426 539 520 602 quem
542 526 649 584 tamen
673 540 742 585 esse
764 527 874 585 natum
897 526 928 585 et
950 541 1008 586 nos
1031 521 1185 604 gaudemus

119 639 150 686 15
170 630 201 687 et
223 622 303 687 haee
324 623 445 704 civitas,
466 621 541 686 dum
564 623 631 705 erit,
651 624 827 688 laetabitur.
855 622 957 699 Quam
980 625 1020 689 ob
1044 645 1111 689 rem
1133 643 1185 688 eun

168 727 221 792 illo
244 725 381 808 quidem,
401 733 436 790 ut
458 746 553 810 supra
574 726 652 808 dixi,
672 733 777 790 actum
800 727 918 811 optime
941 733 1137 807 est,mecuu1
1156 726 1185 788 in·

170 829 371 909 commodius,
406 849 499 910 quem
528 828 631 894 fuerat
660 830 801 911 aequius,
832 836 867 894 ut
896 830 983 915 prius
1013 830 1184 906 introierim,

169 934 214 998 sio
236 932 322 1017 prius
345 932 433 996 exire
455 932 495 997 de
518 933 592 998 vita.
622 931 687 998 Sed
709 939 815 997 tamen
838 931 1056 999 recordatione
1078 939 1185 998 nostrae

168 1037 326 1101 amicitiae
356 1036 402 1100 sic
431 1036 525 1117 fruor,
548 1042 583 1100 ut
612 1037 706 1101 beate
736 1037 856 1101 vixisse
886 1036 1005 1119 videar,
1030 1037 1104 1118 quia
1132 1054 1184 1100 cnm

169 1140 316 1223 Scipione
345 1139 489 1219 vixerim,
514 1159 647 1221 quocum
677 1139 755 1203 mihi
786 1140 954 1205 coniuncta
983 1160 1060 1205 cura
1084 1139 1124 1204 de
1147 1157 1184 1222 pu·

168 1245 250 1309 blica
271 1264 306 1308 re
329 1250 361 1308 et
383 1241 423 1307 de
443 1243 567 1326 privata
581 1242 650 1322 suit,
668 1263 802 1325 quocum
825 1249 856 1308 et
879 1243 990 1307 domus
1013 1243 1074 1307 fuit
1097 1248 1128 1308 et
1146 1240 1184 1305 mi·

167 1347 236 1411 litia
266 1345 440 1410 communis
471 1352 510 1426 ei,
541 1344 575 1408 id
604 1346 637 1410 in
666 1366 727 1428 quo
757 1352 805 1410 est
831 1347 934 1411 omnis
959 1346 1009 1411 vis
1035 1345 1184 1421 amicitiae,

169 1451 375 1529 voluntatum,
403 1448 586 1528 studiorum,
618 1448 845 1513 sententiarum
875 1469 999 1513 summa
1029 1447 1183 1514 consensio.

168 1556 280 1635 Itaque
302 1574 366 1618 non
390 1558 455 1616 tarn
478 1553 539 1617 ista
561 1573 611 1617 me
628 1552 812 1635 sapientiae,
830 1573 924 1634 quam
946 1551 1039 1617 modo
1062 1551 1185 1617 Fannius

169 1655 437 1735 commemoravit,
468 1654 555 1718 fama
586 1654 737 1735 delectat,
769 1654 851 1720 falsa
879 1656 1080 1740 praesertim,
1110 1671 1185 1737 quam

169 1759 253 1842 quod
284 1757 442 1822 amicitiae
475 1763 601 1823 nostrae
634 1758 818 1822 memoriam
850 1778 942 1843 spero
981 1760 1185 1844 sempiternam

168 1864 245 1944 fore,
267 1862 363 1944 idque
389 1882 426 1927 eo
451 1861 529 1926 mihi
555 1862 658 1945 magis
686 1868 733 1928 est
760 1861 856 1943 cordi,
881 1861 965 1944 quod
991 1883 1032 1927 ex
1060 1861 1185 1928 omnibus

169 1967 303 2033 saeculis
328 1967 384 2031 vix
410 1966 471 2030 tria
496 1971 551 2030 aut
578 1972 724 2048 quattuor
749 1967 952 2032 nominantur
978 1967 1067 2050 paria
1092 1965 1185 2031 amico·

168 2093 253 2155 1·um;
285 2091 346 2152 quo
376 2070 409 2133 in
439 2090 556 2153 genere
586 2090 713 2153 sperare
743 2069 852 2135 videor
875 2069 1031 2153 Scipionis
1058 2076 1091 2136 et
1115 2063 1185 2134 Laeli

168 2175 339 2239 amicitiam
361 2179 468 2239 motam
491 2173 667 2257 posteritati
690 2173 765 2237 fore.

119 2284 150 2331 16
254 2279 403 2341 Firmus.
426 2278 513 2340 Istue
536 2275 673 2358 quidem,
697 2277 796 2356 Laeli,
818 2276 863 2341 ita
884 2296 1016 2342 necesse
1039 2283 1095 2342 est.
1137 2267 1185 2340 Sed

169 2381 317 2464 quoniam
339 2379 498 2443 amicitiae
520 2379 712 2444 mentionem
731 2380 835 2445 fecisti
852 2387 883 2444 et
898 2400 1005 2445 sumus
1021 2380 1120 2462 otiosi,
1135 2393 1185 2462 per·

105 2555 108 2558 Α
168 2490 293 2566 gratum
318 2482 396 2546 mihi
418 2482 541 2562 feceris,
565 2502 656 2566 spero
678 2483 755 2547 item
778 2483 961 2564 Scaevolae,
985 2483 1021 2564 si,
1046 2472 1185 2566 quemad

169 2585 296 2651 modum
326 2586 408 2650 soles
439 2584 479 2650 de
512 2585 624 2651 ceteris
654 2586 757 2666 rebus,
782 2605 853 2650 curn
880 2605 921 2650 ex
947 2592 979 2650 te
1002 2589 1178 2667 quaeruntm

169 2691 214 2754 sio
243 2690 284 2755 de
313 2689 451 2754 amicitia
481 2688 660 2774 disputaris
685 2688 761 2772 quid
791 2690 919 2770 sentias,
943 2691 1070 2771 qualem
1099 2681 1178 2754 existi

168 2814 245 2876 mes,
270 2814 351 2875 quae
373 2799 544 2878 praecepta
566 2793 632 2857 des.

255 2898 429 2962 Senmvonn.
475 2895 553 2960 Mihi
580 2916 654 2960 vero
682 2896 741 2960 erit
766 2902 900 2978 gratum,
923 2902 1019 2977 atque
1045 2896 1079 2960 id
1101 2896 1180 2980 ipsun

169 3020 239 3063 cum
262 3006 367 3064 tecum
390 3018 486 3082 agere
509 3019 648 3078 conarer,
671 2999 813 3064 Fannius
835 2999 1014 3063 antevertit.
1038 2998 1139 3075 Quam
1159 2990 1181 3056 ol

167 3123 235 3166 rem
257 3103 381 3183 utrique
402 3108 545 3167 nostrum
567 3108 691 3184 gratum
713 3100 884 3167 admodum
906 3101 1028 3167 feceris.

255 3206 402 3269 Larcius.
435 3205 503 3287 Ego
526 3223 601 3267 vero
623 3224 687 3267 non
710 3224 869 3286 gravarer,
893 3205 919 3269 si
941 3204 1018 3268 mihi
1041 3204 1110 3288 ipse
1132 3219 1173 3268 co

167 3307 314 3392 fiderem;
345 3328 420 3371 nam
451 3314 482 3370 et
512 3307 675 3391 praeclara
702 3328 753 3372 res
784 3314 832 3372 est
862 3313 892 3373 et
922 3327 1039 3389 sumna,
1062 3314 1097 3372 ut
1122 3307 1151 3371 di

167 3412 318 3492 Fannius
335 3410 433 3475 otiosi.
464 3410 528 3476 Sed
551 3411 622 3492 quis
645 3431 704 3495 ego
727 3412 821 3476 sum?
845 3417 900 3474 aut
923 3431 1004 3494 quae
1026 3411 1129 3476 estin

167 3514 325 3580 facultas?
369 3514 540 3579 Doctorum
564 3520 612 3579 est
635 3514 696 3579 ista
722 3514 924 3595 consuetudo,
949 3534 1048 3596 eaque
1072 3514 1151 3580 Grae

166 3637 246 3698 rum,
268 3624 304 3681 ut
325 3618 363 3683 iis
386 3623 529 3701 ponatur,
554 3617 593 3683 de
623 3638 684 3701 quo
715 3618 876 3701 disputent
907 3618 1050 3700 quamvis
1081 3615 1149 3683 subi

167 3741 317 3805 magnum
334 3741 413 3806 opus
428 3728 477 3786 est
492 3727 626 3805 egetque
642 3722 866 3787 exercitatione
881 3742 944 3787 non
960 3743 1069 3807 parva.
1099 3720 1151 3797 Qus
