2610 4110
231 133 273 196 3⁵2
531 143 691 198 LAELlUS
709 145 758 196 DE
777 144 956 197 AMICITIA.

231 321 385 402 maxime,
409 318 493 382 delet
515 320 598 382 enim
614 319 789 398 veritatem,
806 319 875 382 sine
898 338 960 400 qua
974 337 1090 383 nomen
1105 316 1263 382 amicitiae

230 425 337 488 valere
369 441 432 485 non
459 427 570 505 potest.
621 421 704 484 Nam
732 441 802 484 eum
829 421 987 485 amicitiae
1015 421 1064 485 vis
1095 420 1192 484 sitin
1217 439 1262 498 eo,

230 532 265 589 ut
291 544 372 590 unus
399 525 489 605 quasi
515 524 639 587 animus
661 523 716 586 fiat
739 544 780 588 ex
808 523 960 606 pluribus,
988 523 1041 604 qui
1064 522 1098 586 id
1120 522 1189 586 fieri
1213 543 1263 605 po·

230 629 310 710 terit,
327 629 354 693 si
373 648 413 691 ne
433 629 466 691 in
486 648 549 691 uno
569 627 697 709 quidem
713 648 836 709 quoque
856 647 938 692 unus
953 627 1077 690 animus
1093 626 1153 690 erit
1167 625 1263 689 idern·

179 751 211 797 61
231 752 292 814 que
315 752 449 816 semper,
474 730 530 796 sed
553 732 668 812 varius
693 732 933 812 commutabilis,
956 730 1144 813 multiplex?
1179 728 1263 805 Quid

230 837 314 900 enim
341 841 444 919 potest
472 854 540 900 esse
568 841 633 898 tarn
658 834 808 916 flexibile,
832 842 897 899 tam
920 834 1057 914 devium,
1080 853 1176 915 quam
1199 833 1263 896 ani-

230 947 299 1002 mus
327 938 404 1018 eius,
429 938 481 1019 qui
510 937 551 1001 ad
578 937 707 1002 alterius
734 957 797 1001 non
824 936 917 1002 modo
945 957 1072 1002 sensum
1094 956 1134 1000 ac
1155 937 1262 1001 volun-

230 1049 336 1121 tatem,
361 1040 536 1105 sedetiam
559 1041 680 1104 vultum
703 1047 798 1122 atque
820 1047 931 1104 nutum
955 1039 1171 1104 convertitur?

273 1145 395 1227 Negat
417 1144 513 1224 quia,
537 1164 649 1227 neg03
677 1143 745 1223 ait,
767 1143 843 1227 ai03
867 1148 1053 1227 postremo
1075 1141 1262 1224 imperari

916 1247 1062 1328 egomet
1084 1244 1176 1307 mihi

274 1334 404 1416 Omnia
427 1351 636 1432 adsentari,

228 1461 263 1518 ut
292 1455 337 1517 ait
367 1453 451 1517 idem
474 1455 653 1533 Terentius,
678 1453 735 1519 sed
765 1454 817 1518 ille
846 1453 879 1517 in
910 1452 1086 1518 Gnathonis
1115 1471 1260 1534 persona,

177 1571 211 1618 64
229 1556 314 1639 quod
336 1557 430 1620 amici
453 1577 554 1638 genus
575 1555 727 1622 adhibere
750 1557 877 1621 omnino
904 1556 1043 1620 levitatis
1071 1561 1127 1618 est.
1174 1553 1261 1618 Multi

228 1667 334 1723 autem
358 1658 559 1723 Gnathonum
586 1659 703 1723 similes
727 1679 798 1723 eum
821 1659 885 1723 sint
905 1659 982 1738 loce,
1011 1657 1147 1737 fortuna,
1176 1657 1261 1720 fama

229 1762 414 1845 superiores,
438 1761 549 1826 horum
578 1768 625 1826 est
651 1761 829 1826 adsentatio
852 1761 992 1841 molesta,
1017 1759 1153 1825 eumad
1177 1759 1261 1823 vani-

177 1887 209 1934 66
228 1872 326 1928 1616111
341 1864 475 1928 accessit
490 1865 668 1929 auctoritas.
705 1865 832 1930 Seeerni
856 1870 961 1928 autem
983 1862 1119 1927 blandus
1142 1862 1261 1927 amicus

228 1988 248 2031 a
270 1987 344 2033 vero
368 1973 399 2030 et
420 1967 590 2031 internosci
613 1974 678 2031 tam
698 1973 802 2050 potest
817 1967 961 2030 adhibita
975 1965 1150 2049 diligentia,
1168 1985 1260 2047 quarn

227 2071 334 2135 omnia
354 2070 462 2134 fucata
485 2077 516 2134 et
538 2070 684 2133 simulata
707 2091 726 2134 a
749 2071 880 2135 sinceris
902 2076 998 2151 atque
1020 2070 1113 2134 veris.
1140 2069 1259 2148 Contio,

228 2194 308 2255 quae
325 2194 365 2236 ex
380 2173 622 2256 imperitissimis
643 2179 774 2253 constat,
790 2180 898 2237 tamen
919 2171 1057 2236 iudicare
1080 2172 1170 2250 solet,
1186 2169 1261 2253 quid

227 2277 349 2340 intersit
374 2277 456 2339 inter
484 2276 675 2358 popularem,
704 2275 737 2339 id
765 2283 812 2341 est
839 2275 1071 2340 adsentatorem
1100 2281 1131 2340 et
1157 2274 1260 2339 levem

176 2399 209 2445 66
229 2380 339 2458 civem,
364 2386 395 2442 61
418 2379 499 2441 inter
522 2384 728 2458 constantem,
752 2399 897 2443 severum
921 2384 952 2441 et
973 2398 1113 2461 gravem.
1139 2375 1261 2453 Quibus

227 2481 389 2546 blanditiis
409 2481 603 2564 empirios
626 2502 727 2564 nuper
748 2481 902 2545 influebat
924 2482 957 2545 in
980 2501 1071 2545 aures
1095 2479 1260 2559 contionis,

228 2605 298 2649 eum
321 2584 415 2648 ferret
438 2583 541 2667 legem
564 2583 604 2647 (16
627 2584 762 2649 tribunis
784 2585 886 2675 plebis
908 2583 1103 2648 reficiendis!
1133 2583 1260 2648 Dissua-

227 2689 324 2752 simus
352 2707 425 2769 nos;
457 2686 513 2750 sed
539 2686 619 2750 nihil
646 2686 685 2751 (16
712 2707 773 2766 me,
801 2686 841 2751 (16
864 2687 1011 2770 Scipione
1037 2686 1141 2750 dicam
1163 2686 1261 2751 liben-

226 2792 297 2854 tius.
326 2789 452 2865 Quanta
474 2789 537 2869 illa,
562 2789 594 2852 di
616 2790 807 2869 inmortales,
831 2789 891 2853 fuit
913 2790 1062 2874 gravitas,
1085 2795 1207 2871 quanta
1228 2788 1261 2853 in

226 2894 367 2958 oratione
394 2892 559 2957 maiestas!
591 2899 625 2957 ut
646 2893 740 2957 facile
764 2892 876 2957 ducem
898 2893 1006 2977 populi
1028 2893 1173 2974 Romani,
1199 2912 1261 2957 non

228 2998 373 3062 comitem
389 2995 518 3060 diceres.
544 2996 607 3061 Sed
629 2995 784 3077 adfuistis,
802 3003 833 3060 61
856 2997 958 3061 estin
980 2997 1128 3061 manibus
1150 2996 1260 3062 oratio.

226 3101 338 3180 ltaque
360 3099 412 3162 lex
435 3098 594 3181 popularis
618 3099 775 3181 suffragiis
798 3100 908 3182 populi
929 3098 1095 3182 repudiata
1118 3105 1175 3163 est.
1208 3100 1261 3164 At-

227 3222 298 3282 que,
325 3208 360 3264 ut
386 3201 427 3264 ad
455 3222 505 3266 me
536 3200 674 3282 redeam,
702 3202 898 3284 meministis,
928 3200 965 3278 Q.
986 3201 1136 3282 Maximo,
1164 3200 1261 3266 fratre

227 3304 391 3387 Scipionis,
416 3311 447 3367 et
469 3305 504 3367 L.
521 3304 667 3368 Mancino
695 3306 875 3370 oonsulibus
898 3326 993 3387 quam
1020 3304 1182 3389 popularis
1208 3306 1261 3369 lex

227 3407 267 3470 de
290 3406 471 3471 sacerdotiis
489 3408 521 3471 Ο.
539 3407 641 3471 Licini
658 3408 762 3472 Crassi
779 3407 958 3472 videbatur!
988 3407 1151 3491 Coeptatio
1175 3407 1262 3472 enim

227 3510 427 3592 collegiorum
464 3509 505 3573 ad
545 3510 653 3592 populi
687 3510 875 3575 beneficium
909 3510 1179 3594 transferebatur3
1217 3516 1262 3575 at-

227 3632 288 3691 que
310 3612 337 3676 is
358 3612 477 3695 primus
505 3613 639 3675 instituit
666 3612 699 3675 in
726 3613 827 3676 forum
851 3632 961 3677 versus
988 3633 1084 3694 agere
1111 3632 1262 3696 cumpo

205 3713 293 3788 pulo.
327 3715 449 3777 Tamen
473 3715 558 3781 illius
582 3714 780 3782 vendibilem
806 3714 979 3779 orationem
996 3715 1106 3796 religio
1130 3714 1262 3780 deorum
