2610 4110
399 161 480 216 CAP.
493 165 535 229 26,
548 164 589 216 27.
609 163 762 226 sao-104.
1050 149 1092 210 35

58 357 158 419 quam
185 355 202 399 e
230 333 408 398 carceribus
435 333 567 396 emissus
595 332 647 412 sis,
671 353 742 396 oum
768 332 869 398 isdem
895 333 935 397 ad
963 333 1090 415 calcem,

58 445 95 501 ut
112 437 235 515 dicitur,
251 435 425 518 pervenire.
457 433 521 499 Sed
544 434 691 514 quoniam
712 454 763 499 res
785 435 941 500 humanae
964 435 1091 518 fragiles

58 538 265 618 caducaeque
295 543 376 616 sunt,
407 555 531 618 semper
559 535 656 617 aliqui
685 536 873 617 anquirendi
902 543 985 618 sunt,
1013 557 1091 617 quos
1111 551 1158 598 roa

58 640 232 721 diligamus
250 642 286 702 et
307 658 328 724 a
349 638 463 718 quihus
484 637 668 722 diligamur,
699 639 829 703 caritate
856 639 939 703 enim
964 640 1091 704 benivo-

58 742 223 822 lentiaque
249 741 374 804 sublata
400 739 502 804 omnis
529 745 578 803 est
609 759 627 803 c
655 740 722 804 vita
751 741 875 805 sublata
902 741 1088 806 iucunditas.

58 844 140 907 hlihi
163 842 289 924 quidem
312 842 416 926 Scipio
439 861 629 922 quamquam
652 848 699 907 est
726 842 829 907 subito
856 849 990 926 ereptus,
1011 844 1091 908 vivit

58 952 170 1008 tamen
186 964 371 1027 semperque
386 943 490 1027 vivet3
513 944 661 1008 virtutem
684 943 768 1007 enim
789 945 894 1009 amavi
916 945 998 1010 illius
1020 946 1089 1026 viri,

58 1067 144 1130 quae
167 1047 308 1111 extincta
330 1067 393 1110 non
417 1051 480 1128 est;
503 1066 562 1110 noc
584 1046 662 1110 mihi
683 1047 740 1110 soli
762 1053 904 1111 versatur
925 1069 999 1112 anre
1021 1067 1091 1112 ocu·

56 1152 119 1229 los,
143 1150 196 1230 qui
222 1149 308 1212 illam
331 1168 455 1231 semper
477 1149 509 1211 in
538 1149 683 1212 manibus
705 1147 811 1230 habui,
835 1148 892 1213 sed
918 1150 1013 1213 etiam
1039 1171 1091 1232 po·

57 1252 153 1316 steris
181 1252 239 1315 erit
266 1251 350 1315 clara
376 1257 406 1314 et
428 1251 570 1334 insignis.
615 1252 717 1315 Nemo
739 1271 888 1333 umquam
909 1252 1015 1316 animo
1037 1260 1091 1316 aut

57 1373 118 1436 spe
147 1355 265 1418 maiora
292 1353 450 1436 suscipiet,
475 1353 528 1434 qui
556 1352 705 1418 sibinen
731 1353 814 1417 illius
840 1354 1023 1418 memoriam
1047 1361 1090 1417 at-

56 1475 124 1538 que
146 1456 317 1538 imaginem
339 1454 575 1539 proponendam
597 1461 694 1538 putet.
718 1456 873 1536 Equidem
888 1476 929 1519 ex
944 1456 1089 1521 omnibus
1110 1466 1158 1514 103

56 1559 166 1638 rebus,
193 1578 271 1639 quas
298 1557 375 1620 mihi
404 1563 459 1621 aut
488 1558 613 1622 fortuna
642 1564 697 1622 aut
726 1564 839 1622 natura
867 1558 984 1638 tribuit,
1012 1557 1091 1622 nihil

55 1660 173 1739 habeo,
197 1659 374 1740 quodcum
401 1659 541 1724 amicitia
563 1659 717 1743 Scipionis
743 1661 860 1743 possim
888 1680 1088 1746 comparare;

55 1763 93 1826 in
117 1762 176 1825 hao
198 1762 276 1825 mihi
298 1761 338 1826 de
360 1781 395 1826 re
417 1762 544 1846 publiea
565 1782 745 1842 consensus,
761 1762 795 1826 in
816 1761 877 1826 hac
903 1782 1008 1826 rerum
1031 1764 1091 1846 pri-

55 1871 204 1927 vatarum
228 1864 401 1944 consihum,
421 1865 454 1927 in
478 1863 589 1928 cadem
611 1865 736 1945 requies
757 1865 852 1947 plena
874 1864 1091 1929 oblectationis

55 1965 130 2030 fuit.
154 1967 333 2048 Numquam
355 1966 443 2030 illum
466 1987 505 2030 ne
528 1966 658 2029 minima
674 1965 800 2048 quidem
815 1985 849 2030 rc
864 1964 992 2046 offendi,
1008 1965 1091 2047 quod

55 2067 188 2151 quidem
216 2068 378 2148 senserim,
402 2068 480 2132 nihil
502 2068 610 2132 audivi
633 2088 674 2132 ex
697 2088 734 2134 eo
755 2068 833 2151 ipse,
857 2067 942 2149 quod
964 2069 1089 2132 nollem.

55 2172 135 2236 Una
164 2168 275 2235 domus
305 2177 381 2250 erat,
408 2170 492 2234 idem
519 2171 631 2252 victus,
661 2171 749 2251 isque
777 2170 959 2250 communis,
987 2189 1091 2251 neque

55 2273 162 2339 solum
184 2272 304 2352 militia,
325 2272 382 2337 sed
404 2273 500 2337 etiam
521 2273 788 2357 peregrinationes
810 2271 1091 2354 rusticationesque

55 2394 252 2439 communes.
276 2374 360 2438 Nam
381 2374 457 2455 quid
480 2395 538 2458 ego
561 2374 600 2439 de
623 2374 733 2438 studiis
755 2373 859 2438 dicam
882 2375 1091 2457 cognoscendi
1110 2386 1160 2434 104

53 2496 184 2558 semper
205 2476 323 2557 aliquid
344 2483 439 2557 atque
461 2474 612 2555 discendi,
627 2477 661 2538 in
683 2475 796 2556 quihus
818 2477 928 2540 remoti
950 2477 990 2540 ab
1015 2497 1083 2541 ocu-

52 2581 97 2644 lis
120 2579 227 2662 populi
250 2599 341 2643 omne
367 2579 500 2643 otiosum
527 2585 650 2661 tempus
677 2577 903 2641 contrivimus?
948 2576 1086 2652 Quarum

52 2701 163 2748 rerum
184 2680 357 2743 recordatio
381 2686 411 2743 et
433 2679 582 2742 memoria
604 2678 631 2743 si
652 2699 716 2742 una
738 2699 808 2742 oum
833 2678 886 2742 illo
908 2678 1082 2761 occidisset,

54 2780 251 2848 desiderium
282 2781 526 2844 coniunctissimi
556 2786 651 2870 atque
683 2779 888 2844 amantissimi
918 2780 978 2844 viri
1007 2780 1089 2846 serre

54 2884 145 2951 nullo
168 2880 259 2945 modo
284 2901 417 2964 possem.
457 2881 520 2947 Sed
542 2902 601 2946 nec
622 2882 677 2944 illa
698 2882 838 2945 extincta
859 2888 932 2945 sunt
954 2882 1089 2946 aluntur-

54 3006 123 3070 que
145 2984 248 3067 potius
271 2991 302 3047 et
323 2990 479 3066 augentur
501 2984 689 3067 cogitatione
712 2989 743 3048 et
768 2984 918 3048 memoria
944 3003 1023 3064 mea,
1047 2991 1088 3064 et,

56 3090 87 3155 si
111 3085 173 3150 illis
195 3087 289 3169 plane
311 3086 438 3150 orbatus
462 3105 572 3166 essem,
588 3106 737 3169 magnum
760 3091 866 3149 tamen
888 3084 991 3150 adfert
1012 3086 1090 3149 mihi

56 3197 150 3255 aetas
172 3188 242 3271 ipsa
264 3188 423 3253 solacium.
457 3188 582 3252 Diutius
606 3188 688 3259 enim
710 3188 774 3251 iam
796 3188 830 3251 in
852 3187 911 3251 hoc
934 3187 1089 3252 desiderio

58 3309 133 3358 esse
160 3309 223 3352 non
245 3310 381 3372 possum.
428 3289 541 3355 Omnia
563 3297 668 3354 autem
690 3289 800 3354 brevia
822 3288 996 3353 tolerabilia
1019 3309 1089 3355 esse

59 3393 191 3471 debent,
215 3391 338 3456 etiamsi
360 3398 578 3475 magnasunt.

150 3495 238 3558 Haec
265 3494 360 3560 habui
388 3495 427 3560 de
449 3495 588 3559 amicitia
611 3513 691 3575 quae
713 3494 858 3558 dicerem.
897 3495 962 3560 Vos
984 3501 1089 3560 autem

60 3599 178 3676 hortor,
194 3604 229 3661 ut
244 3598 289 3661 ita
304 3600 449 3663 virtutem
464 3598 582 3677 locetis,
600 3598 667 3661 sine
691 3617 753 3679 qua
774 3596 913 3660 amicitia
936 3617 1004 3661 esse
1027 3618 1090 3661 non

62 3705 178 3785 potest,
195 3705 229 3761 ut
248 3719 287 3762 ea
307 3708 440 3782 excepta
462 3700 540 3762 nihil
563 3699 701 3763 amicitia
723 3699 941 3783 praestabilius
964 3700 1088 3784 putetis.
