2610 4110
380 203 382 207 -
406 161 488 216 sAP.
502 165 612 218 23-25.
630 165 768 226 §so—ea
1062 145 1101 209 31

63 344 142 404 sunt
165 344 196 402 et
219 337 417 420 obiurgandi,
434 343 465 400 et
487 336 567 400 haec
588 333 775 418 accipienda
797 333 908 414 amice,
924 353 996 398 oum
1017 335 1102 400 beni-

62 441 140 504 vole
155 439 243 505 fiunt.
273 440 337 506 Sed
358 440 466 504 nescio
489 459 550 520 quo
573 437 665 502 modo
688 457 797 502 verum
820 442 877 517 est,
894 437 978 519 quod
992 437 1026 501 in
1041 438 1103 501 An·
1121 445 1154 494 89

63 541 139 606 dria
160 542 325 607 familiaris
347 562 436 607 meus
459 541 551 606 dicit:

111 645 345 727 Obsequium
372 645 525 724 amieos,
552 644 697 708 1111111
724 643 849 708 odium
875 644 983 728 parit.

62 748 202 812 Molesta
231 748 357 828 1111111,
388 747 543 828 siquidem
574 767 614 812 111
645 766 684 810 ea
712 747 853 811 nascitur
879 746 995 827 odium,
1018 746 1102 829 quod

63 856 127 940 est*
140 870 298 915 venenum
321 849 489 929 amicitiae,
512 849 569 914 sed
595 848 780 931 obsequium
806 837 904 914 multo
931 850 1101 931 molestius,

63 952 153 1034 quod
175 952 314 1036 peccatis
337 951 506 1036 indulgens
528 951 733 1036 praeeipitem
755 952 891 1015 amicum
912 951 987 1016 ferri
1010 952 1100 1037 sinit3

62 1055 210 1119 maxima
230 1061 336 1119 autem
360 1055 452 1138 culpa
473 1055 507 1118 in
531 1075 577 1135 eo,
600 1055 652 1136 qui
676 1060 707 1118 et
729 1054 895 1120 veritatem
917 1061 1103 1138 aspernatur

63 1164 99 1222 et
122 1158 156 1221 in
179 1156 323 1221 fraudem
349 1158 500 1239 obsequio
527 1158 706 1241 impellitur.
753 1156 847 1224 Omni
868 1157 964 1241 igitur
985 1158 1045 1222 hac
1067 1158 1101 1223 in

61 1279 101 1325 re
133 1260 281 1324 habenda
310 1261 390 1325 ratio
421 1267 453 1325 et
482 1260 647 1343 diligentia
674 1266 730 1340 est,
753 1261 889 1344 primum
915 1267 949 1324 ut
971 1261 1101 1326 monitio

62 1363 250 1444 acerbitate,
279 1362 395 1427 deinde
424 1369 459 1426 ut
489 1363 665 1446 obiurgatio
695 1363 886 1428 contumelia
914 1370 1036 1447 careat;
1066 1363 1101 1429 in

62 1467 219 1548 obsequio
246 1473 363 1547 autem,
388 1467 535 1549 quoniam
557 1467 747 1531 Terentiano
770 1467 867 1531 verbo
889 1467 1023 1532 libenter
1044 1469 1101 1532 uti·

62 1584 148 1650 mur,
173 1570 303 1634 comitas
325 1569 418 1651 adsit,
442 1569 630 1651 adsentatio,
654 1570 800 1635 vitiorum
821 1569 969 1651 adiutrix,
992 1571 1102 1654 procul

62 1678 261 1754 amoveatur,
279 1693 360 1755 quae
380 1693 444 1737 non
467 1672 559 1737 modo
582 1673 693 1753 amico,
709 1673 767 1738 sed
788 1692 830 1736 ne
851 1673 950 1739 libero
973 1673 1101 1755 quidem

62 1774 167 1858 digna
193 1782 256 1860 est;
288 1776 379 1840 aliter
406 1776 490 1840 enim
518 1796 588 1840 oum
613 1782 761 1858 tyranno,
783 1776 875 1839 aliter
902 1796 972 1839 eum
999 1777 1100 1842 amieo

62 1878 193 1943 vivitur.
240 1879 335 1943 (iuius
358 1885 464 1944 autem
485 1898 578 1943 aures
600 1878 726 1943 clausae
748 1878 873 1942 veritati
896 1885 978 1958 sunt,
1001 1886 1036 1943 ut
1057 1880 1099 1944 ab
1118 1895 1152 1944 90

61 1981 169 2046 amico
199 2002 308 2046 verum
338 1981 447 2046 audire
476 1986 628 2063 nequeat,
658 1981 751 2046 huius
784 1982 869 2046 salus
902 1981 1101 2065 desperanda

62 2092 125 2150 111.
165 2084 285 2150 Scitum
307 2092 355 2149 est
378 2085 462 2148 enim
483 2084 561 2148 illud
584 2084 723 2165 Catonis,
746 2091 782 2148 ut
803 2085 917 2148 multa:
947 2087 1099 2170 „melius

61 2188 111 2252 de
132 2187 355 2269 quibusdam
377 2189 533 2253 acerbos
555 2187 729 2253 inimicos
751 2174 885 2253 mereri
908 2208 1015 2269 quam
1037 2210 1099 2255 eos

60 2292 221 2372 amieos,
246 2292 308 2373 qui
332 2292 461 2356 dulces
482 2290 701 2376 videantur,
728 2291 814 2356 illos
837 2312 963 2356 verum
986 2313 1099 2378 saepe

59 2395 209 2474 dicere,
232 2393 299 2459 hos
321 2394 547 2476 numquam.“
584 2395 689 2476 Atque
710 2394 788 2457 illud
810 2393 991 2476 absurdum,
1015 2395 1099 2478 quod

58 2499 96 2579 ii,
123 2498 177 2578 qui
204 2503 380 2577 monentur,
405 2517 475 2561 eam
501 2497 687 2577 molestiam,
711 2516 805 2578 quam
831 2496 949 2562 debent
975 2518 1097 2582 capere,

58 2621 130 2666 non
155 2600 292 2683 capiunt,
316 2620 386 2664 eam
409 2599 546 2683 capiunt,
572 2620 634 2681 qua
656 2599 774 2664 debent
796 2620 926 2684 vacare,
949 2621 1098 2684 peccasse

59 2703 152 2770 enim
179 2723 213 2768 se
240 2723 303 2767 non
330 2710 497 2786 anguntur,
521 2702 680 2786 obiurgari
706 2702 837 2767 moleste
863 2703 984 2787 ferunt3
1015 2705 1098 2786 quod

59 2811 176 2872 contra
198 2807 371 2888 oportebat,
395 2805 509 2869 delicto
532 2805 647 2886 dolere,
671 2805 861 2870 correctione
883 2805 1031 2888 gaudere.

153 2909 197 2974 Ut
222 2909 318 2992 igitur
344 2915 376 2973 et
402 2928 529 2973 monere
557 2915 588 2974 et
610 2909 728 2972 moneri
751 2908 910 2991 proprium
933 2915 980 2973 est
1002 2929 1096 2976 verae
1111 2894 1148 3014 {³}

58 3011 226 3079 amicitiae
253 3018 284 3075 et
310 3012 442 3076 alterum
468 3011 567 3076 libere
592 3011 706 3090 facere,
730 3031 795 3074 non
821 3031 941 3094 aspere,
965 3013 1097 3078 alterum

58 3115 224 3201 patienter
238 3115 392 3197 accipere,
404 3135 467 3178 non
480 3120 702 3197 repugnanter,
716 3113 761 3177 sic
773 3113 955 3178 habendum
972 3122 1021 3179 est
1032 3119 1096 3180 nul·

59 3221 131 3284 lam
149 3217 183 3280 in
202 3217 348 3281 amicitiis
367 3223 489 3299 pestem
509 3236 578 3281 esse
594 3216 744 3280 maiorem
761 3236 854 3296 quam
875 3215 1096 3301 adulationem,

59 3318 263 3399 blanditiam,
283 3319 549 3400 adsentationem
576 3318 721 3399 quamvis
741 3318 826 3382 enim
845 3319 952 3383 multis
967 3322 1097 3385 nomini-

60 3427 127 3491 bus
143 3429 191 3487 est
206 3423 266 3487 hoc
277 3422 388 3486 vitium
405 3420 578 3486 notandum
593 3421 710 3486 levium
725 3421 886 3484 hominum
901 3427 995 3502 atque
1011 3424 1096 3487 falla-

63 3529 151 3593 cium
166 3525 208 3589 ad
223 3525 417 3589 voluntatem
431 3523 625 3604 loquentium
641 3524 755 3603 omnia,
771 3523 849 3586 nibil
864 3522 906 3586 ad
922 3525 1094 3591 veritatem.

63 3631 146 3697 Oum
162 3635 268 3691 autem
284 3628 422 3691 omnium
437 3646 540 3689 rerum
556 3626 711 3689 simulatio
723 3626 837 3689 vitiosa
849 3632 896 3689 est
908 3626 998 3711 (tollit
1013 3630 1102 3692 enim
1114 3652 1156 3696 aa

62 3731 216 3798 iudicium
244 3730 308 3793 1111
339 3728 436 3810 idque
462 3728 647 3818 adulterat),
670 3735 742 3795 tum
766 3729 934 3794 amicitiae
956 3733 1132 3809 repugnat

983 3853 1017 3904 ξ(-
