2610 4110
234 197 276 262 24
533 211 693 268 LAELIUS
710 213 761 267 DE
779 213 965 269 AMICITIA.

232 387 380 471 tentiam;
412 385 527 451 deinde
555 407 619 450 non
650 387 749 451 solum
775 386 816 450 ab
843 386 947 468 aliquo
975 386 1098 452 adlatas
1121 388 1262 454 crimina·

233 489 334 554 tiones
360 490 521 573 repellere,
544 486 601 552 sed
623 507 664 552 ne
685 488 788 570 ipsum
811 488 938 570 quidem
961 508 1030 554 esse
1053 491 1262 575 suspiciosum

233 611 357 674 semper
385 590 505 672 aliquid
535 589 768 655 existimantem
798 593 837 656 ab
868 591 969 655 amico
998 611 1069 657 esse
1099 593 1260 659 violatum.

182 711 215 760 66
232 693 372 758 Accedat
394 693 456 758 huc
478 693 617 757 suavitas
640 693 796 774 quaedam
823 699 944 777 oportet
966 713 1145 759 sermonum
1166 702 1262 779 atque

232 816 362 876 morum,
385 794 628 877 haudquaquam
655 794 811 859 mediocre
838 795 1071 861 condimentum
1092 799 1260 864 amicitiae.

232 898 373 961 Tristitia
397 903 503 961 autem
530 903 561 960 et
586 897 619 959 in
648 897 732 961 omni
759 917 793 961 re
820 897 970 963 severitas
996 897 1094 962 habet
1120 899 1175 964 illa
1199 901 1262 983 qui·

232 999 303 1063 dem
333 1000 530 1083 gravitatem,
563 997 620 1063 sed
634 999 787 1063 'amicitia
815 1000 975 1065 remissior
1005 1020 1074 1065 esse
1104 1000 1202 1068 debet
1233 1011 1261 1068 ct

231 1101 357 1166 liberior
372 1108 403 1166 et
418 1101 537 1166 dulcior
552 1107 583 1165 et
602 1100 643 1164 ad
665 1121 791 1165 omnem
813 1103 992 1166 comitatem
1014 1102 1261 1188 facilitatemque

232 1205 405 1288 proclivior.

179 1287 216 1407 ἐξ
317 1305 434 1370 Existit
459 1311 565 1370 autem
592 1305 745 1370 hocloco
773 1305 930 1387 quaedam
953 1308 1093 1389 quaestio
1121 1309 1260 1374 subdiffi-

232 1409 308 1490 cilis,
332 1430 406 1473 num
434 1407 560 1489 quando
585 1408 679 1472 amici
705 1408 789 1488 novi,
813 1408 902 1491 digni
929 1410 1076 1490 amicitia,
1098 1413 1260 1477 veteribus

231 1512 293 1576 siut
321 1511 548 1595 anteponendi,
579 1518 614 1575 ut
644 1511 732 1591 equis
761 1511 875 1575 vetulis
908 1517 1033 1576 teneros
1065 1519 1260 1596 anteponere

230 1615 373 1678 solemus.
418 1613 556 1695 Indigna
577 1612 703 1677 homine
726 1612 894 1678 dubitatio!
940 1615 1012 1678 Non
1035 1615 1119 1680 enim
1143 1614 1260 1682 debent

230 1736 299 1781 csse
321 1716 527 1780 amicitiarum
554 1716 633 1779 sicut
659 1715 792 1779 aliarum
819 1736 923 1780 rerum
949 1717 1128 1802 satietatcs;
1159 1725 1259 1784 veter·

228 1820 308 1882 rima
331 1838 483 1901 quaeque,
507 1823 541 1881 ut
564 1837 602 1882 ea
624 1818 708 1898 vina,
733 1837 813 1898 quae
836 1823 1027 1883 vetustatem
1049 1819 1165 1901 ferunt,
1192 1841 1259 1887 esse

228 1921 324 1986 debet
345 1921 548 2005 suavissima;
571 1940 744 2002 verumque
765 1919 842 1984 illud
865 1927 922 2001 est,
939 1920 1023 2002 quod
1044 1921 1168 2004 dicitnr,
1186 1925 1259 1989 mul-

228 2032 277 2090 tos
298 2023 418 2088 modios
441 2024 515 2088 salis
537 2023 630 2088 simul
652 2022 792 2087 edendos
812 2044 892 2105 esse,
907 2030 941 2088 ut
963 2025 1122 2089 amicitiae
1145 2046 1259 2094 munus

177 2143 209 2192 ss
229 2128 388 2211 expletum
411 2127 460 2191 sit.
483 2127 649 2190 Novitates
671 2133 777 2190 autem
800 2126 826 2191 si
849 2147 938 2209 spem
960 2126 1116 2208 adferunt,
1132 2133 1168 2191 ut
1184 2135 1258 2193 tam-

229 2251 323 2310 quam
345 2230 379 2293 in
401 2229 508 2293 herbis
529 2249 593 2291 non
616 2228 780 2292 fallacibus
794 2230 914 2294 tructus
928 2235 1089 2313 appareat,
1105 2250 1170 2295 non
1187 2239 1258 2296 sunt

227 2335 300 2396 illae
323 2331 448 2413 quidem
470 2331 695 2414 repudiandae,
718 2336 860 2396 vetustas
883 2337 987 2396 tamen
1011 2352 1066 2396 suo
1093 2332 1161 2398 leco
1190 2354 1258 2400 con-

227 2433 399 2517 servanda,
430 2434 570 2496 maxima
597 2439 644 2498 est
671 2433 755 2497 enim
776 2434 826 2498 vis
848 2425 1017 2499 vetustatis
1041 2441 1072 2499 et
1095 2443 1258 2502 eonsuetu-

226 2537 318 2602 dinis.
363 2534 447 2611 Quin
472 2536 507 2599 in
532 2536 601 2618 ipso
628 2555 717 2616 equo,
742 2536 829 2601 cuius
855 2536 947 2602 modo
969 2537 1031 2602 feei
1053 2538 1257 2621 mentionem,

226 2641 253 2705 si
275 2640 361 2704 nulla
381 2659 432 2703 res
454 2638 616 2723 impediat,
636 2657 729 2702 nemo
752 2645 809 2719 est,
833 2640 908 2720 quin
932 2660 978 2720 eo,
999 2659 1060 2721 quo
1084 2643 1258 2724 consuevit,

225 2743 373 2807 libentius
399 2747 505 2806 utatur
530 2761 626 2823 quam
647 2741 813 2806 intractato
835 2749 866 2806 et
889 2762 979 2808 novo.
1026 2743 1094 2807 Nee
1120 2763 1197 2808 vcro
1224 2745 1257 2807 in

225 2845 294 2926 hoc,
322 2843 405 2927 quod
432 2851 479 2909 est
506 2844 632 2924 animal,
661 2843 777 2909 sedin
803 2844 842 2909 iis
870 2845 974 2925 etiam,
1003 2851 1185 2927 quaesunt
1213 2847 1257 2910 in-

225 2949 339 3028 anima,
356 2946 547 3012 consuetudo
562 2947 656 3027 valet,
673 2967 743 3011 cum
762 2948 838 3011 locis
856 2947 934 3030 ipsis
953 2947 1153 3029 delectemur,
1170 2969 1256 3014 mon·

225 3053 322 3115 tuosis
350 3052 443 3114 etiam
470 3056 501 3114 et
535 3049 738 3130 silvestribus,
768 3050 802 3113 iu
833 3050 945 3132 quibus
974 3050 1092 3114 diutius
1123 3070 1256 3117 commc-

225 3155 285 3217 rati
307 3173 422 3217 sumus.

175 3270 207 3319 69
311 3255 374 3321 Sed
397 3255 568 3318 maximnm
592 3261 640 3319 est
661 3255 695 3319 in
716 3255 855 3320 amicitia
876 3275 986 3338 parem
1008 3275 1078 3321 esse
1102 3256 1255 3323 inferiori.

225 3360 326 3442 Saepe
350 3358 432 3422 enim
456 3357 661 3422 excellentiae
684 3358 839 3439 quaedam
866 3365 948 3438 sunt,
973 3359 1073 3438 qualis
1102 3365 1169 3422 erat
1192 3361 1255 3426 Sci-

224 3463 327 3546 pionis
348 3462 381 3525 in
404 3467 519 3540 nostro,
542 3466 576 3524 ut
597 3460 642 3524 ita
665 3459 777 3541 dicam,
800 3481 906 3544 grege.
941 3461 1121 3542 Numquam
1144 3481 1179 3526 se
1202 3463 1254 3528 ille

223 3565 321 3646 Philo,
345 3583 514 3645 numquam
536 3564 671 3647 Rupilio,
695 3584 865 3644 numquam
887 3563 1036 3628 Mummio
1063 3565 1253 3646 anteposuit,

214 3687 389 3748 numquam
416 3666 574 3731 inferioris
601 3665 720 3732 ordinis
742 3666 862 3746 amicis,
885 3665 1036 3741 Quintum
1058 3685 1133 3729 vero
1146 3666 1253 3742 Maxi·

194 3786 287 3830 mum
313 3769 463 3854 fratrem,
489 3771 661 3858 egregium
683 3771 793 3838 uirum
817 3768 962 3848 omnino,
980 3766 1046 3831 s'ln'r
1061 3785 1265 3844 nequaqnam
