2610 4110
227 166 268 229 22
529 180 689 236 LAELIUS
707 181 757 234 DE
775 180 963 234 AMICITIA.

226 356 334 420 felices
357 355 390 418 in
414 353 574 437 diligendo
591 354 769 435 fuissemus,
786 353 949 418 serendum
973 353 1006 417 id
1029 353 1135 438 Scipio
1159 355 1247 439 potius
1286 404 1299 439 ¹,

175 440 208 559 ἐξ
226 479 320 540 quam
353 459 587 522 inimicitiarum
621 465 745 541 tempus
779 458 982 541 cogitandum
1017 459 1157 541 putabat.
1201 458 1247 523 His

226 563 321 645 igitur
342 560 458 626 finibus
480 561 632 625 utendum
654 562 795 636 arbitror,
817 567 861 642 ut,
883 581 953 625 cum
977 560 1137 625 emendati
1159 581 1248 628 mores

225 666 398 731 amicorum
428 666 500 744 sint,
528 671 593 729 tum
625 666 665 730 sit
694 666 776 730 inter
804 685 857 730 eos
884 664 1023 729 omnium
1050 685 1164 747 rerum,
1191 685 1248 730 con·

226 769 375 847 siliorum,
405 768 602 832 voluntatum
633 768 701 833 sine
731 769 795 832 ulla
826 768 1013 851 exceptione
1041 769 1248 846 communitas,
1292 815 1296 857 ,ἶ

226 879 261 936 ut
284 873 389 950 etiam,
413 871 525 952 siqua
549 871 674 935 fortuna
701 869 851 934 acciderit
878 877 913 934 ut
934 871 1039 934 minus
1061 871 1165 936 iustae
1186 870 1249 935 ami·
1289 870 1299 962 ἁ]

227 996 334 1041 corum
359 975 537 1039 voluntates
562 974 762 1038 adiuvandae
786 975 857 1055 sint,
881 974 914 1036 in
938 973 1051 1054 quibus
1075 993 1184 1039 eorum
1205 978 1250 1038 aut

228 1084 322 1162 capnt
348 1085 461 1160 agatur
487 1085 542 1141 aut
568 1077 663 1158 fama,
687 1076 910 1143 declinandum
939 1076 979 1141 de
1009 1077 1063 1140 via
1095 1078 1146 1158 sit,
1169 1076 1251 1143 modo

227 1203 268 1246 ne
291 1201 413 1247 summa
436 1180 595 1265 turpitudo
618 1188 775 1264 sequatur.
810 1181 866 1244 Est
890 1181 982 1261 enim,
1007 1186 1165 1261 quatenus
1187 1180 1252 1244 ami-
1293 1214 1299 1323 p

227 1285 320 1350 citiae
343 1284 410 1348 dari
433 1284 528 1348 venia
550 1285 657 1368 possit,
681 1305 741 1348 nec
763 1304 838 1349 vcro
861 1282 1061 1366 neglegenda
1089 1289 1138 1348 est
1166 1283 1253 1362 fama,
1295 1326 1299 1343 ἲ

227 1409 286 1454 nec
309 1388 466 1453 mediocre
488 1389 585 1453 telum
608 1387 722 1452 adres
747 1386 904 1471 gerendas
932 1387 1112 1451 existimare
1140 1393 1257 1473 oportet

227 1493 473 1558 benivolentiam
503 1491 638 1573 civium3
674 1511 768 1572 quam
802 1490 964 1554 blanditiis
999 1497 1030 1555 et
1062 1489 1256 1555 adsentando

228 1596 374 1678 colligere
396 1602 487 1678 turpe
510 1604 568 1674 est,
583 1594 692 1674 virtus,
710 1614 804 1675 quam
827 1594 967 1675 sequitur
989 1592 1114 1674 caritas,
1132 1594 1259 1658 minime

227 1696 425 1781 repudianda
449 1703 504 1761 cst.

177 1814 210 1862 on
315 1799 379 1866 Sed
401 1799 511 1886 (saepe
538 1799 621 1864 enim
649 1800 743 1866 redeo
770 1799 811 1864 ad
835 1800 1024 1884 Scipionem,
1049 1800 1139 1866 cuius
1162 1800 1262 1865 omnis

228 1923 329 1968 sermo
360 1909 427 1967 erat
456 1902 496 1968 de
526 1902 678 1988 amicitia)
712 1903 909 1985 querebatur,
939 1902 1022 1984 quod
1052 1903 1202 1969 omnibus
1232 1904 1264 1968 in

225 2009 321 2072 rebus
343 2006 487 2071 homines
510 2005 724 2089 diligentiores
748 2013 870 2090 essent;
899 2026 1010 2089 capras
1033 2012 1074 2070 et
1087 2026 1166 2072 oves
1190 2012 1264 2090 quot

228 2111 360 2191 quisque
382 2109 523 2190 haberet,
548 2108 653 2173 dicere
676 2129 779 2192 posse,
801 2109 919 2173 amicos
943 2115 1018 2190 quot
1040 2107 1185 2192 haberet,
1203 2130 1266 2175 non

228 2233 320 2297 posse
337 2212 451 2294 dicere,
468 2220 499 2278 et
515 2213 547 2276 in
563 2212 624 2277 illis
647 2211 773 2294 quidem
797 2212 946 2296 parandis
969 2210 1122 2278 adhibere
1145 2233 1265 2295 curam,

228 2317 261 2380 in
287 2317 397 2380 amicis
425 2315 580 2398 eligendis
607 2317 812 2399 neglegentes
840 2336 910 2381 esse
937 2335 996 2380 nec
1025 2315 1145 2381 habere
1174 2318 1267 2399 quasi

228 2420 320 2502 signa
350 2418 506 2500 quaedam
537 2424 568 2483 et
598 2425 699 2499 notas,
724 2419 837 2500 quibus
867 2439 930 2500 coe,
959 2419 1013 2501 qui
1039 2417 1081 2482 ad
1108 2421 1268 2486 amicitias

229 2527 335 2587 essent
360 2521 477 2602 idonei,
504 2520 690 2587 iudicarent.
736 2522 817 2587 Sunt
843 2523 939 2605 igitur
964 2521 1046 2586 firmi
1073 2527 1105 2586 et
1135 2525 1269 2589 stabiles

229 2632 260 2689 et
276 2630 455 2690 constantes
471 2624 627 2710 eligendi;
652 2625 740 2690 euius
762 2626 888 2708 generis
911 2630 959 2689 est
981 2645 1099 2708 magna
1121 2627 1267 2709 penuria.

223 2727 268 2791 Et
293 2727 433 2792 iudicare
460 2727 589 2792 difficile
616 2733 664 2793 est
691 2747 767 2792 sane
794 2728 855 2792 nisi
883 2733 1064 2812 expertum3
1101 2730 1270 2812 experien-

228 2829 302 2893 dum
326 2836 431 2894 autem
455 2831 557 2895 estin
579 2831 650 2915 ipsa
672 2831 820 2894 amicitia.
859 2832 909 2894 lta
932 2831 1104 2915 praecurrit
1126 2832 1270 2897 amicitia

177 2954 210 3002 63
229 2932 379 2997 iudicium
402 2934 544 3015 tollitque
568 2933 753 3017 experiendi
776 2939 973 3017 potestatem.
996 2934 1054 2998 Est
1075 2933 1175 3016 igitur
1197 2926 1269 3020 p'rn-

228 3035 332 3100 dentis
360 3036 513 3101 sustinere
544 3042 578 3100 ut
605 3057 738 3117 currum,
767 3036 812 3101 sic
841 3037 993 3121 impetum
1020 3036 1267 3119 benivolentiae,

229 3161 268 3202 ec
290 3159 352 3220 quo
375 3145 499 3203 utamur
522 3140 612 3221 quasi
635 3141 723 3222 equis
745 3141 915 3223 temptatis,
933 3140 977 3204 sic
993 3138 1132 3203 amicitia
1151 3160 1195 3205 ex
1214 3142 1268 3206 ali·

221 3261 291 3324 *qua
312 3248 401 3325 parte
425 3242 608 3324 periclitatis
631 3244 769 3307 moribus
791 3244 971 3307 amicorum.
1009 3241 1146 3318 Quidam
1170 3263 1269 3329 saepe

228 3344 262 3407 in
284 3364 383 3427 parva
405 3345 540 3427 pecunia
562 3345 793 3429 perspiciuntur
816 3366 910 3428 quam
933 3347 996 3409 sint
1018 3346 1114 3427 leves,
1136 3346 1268 3427 quidam

228 3453 344 3527 autem,
369 3467 446 3528 quos
470 3467 568 3531 parva
595 3467 721 3512 movere
749 3469 811 3512 non
839 3448 949 3531 potuit,
973 3455 1208 3530 cognoscuntur
1235 3450 1270 3515 in

228 3569 354 3630 magna.
379 3548 435 3613 Sin
456 3570 530 3613 vero
554 3555 644 3613 erunt
667 3551 764 3632 aliqui
783 3550 909 3633 reperti,
926 3551 980 3631 qui
995 3551 1163 3634 pecuniam
1180 3573 1270 3637 prae-

228 3650 310 3715 ferre
332 3652 490 3716 amicitiae
513 3652 673 3717 sordidum
694 3654 885 3732 existiment,
901 3654 955 3717 ubi
979 3673 1033 3718 eos
1054 3654 1270 3739 inveniemus,

230 3753 283 3835 qui
310 3753 453 3836 honores,
476 3756 690 3839 magistratus,
713 3756 855 3839 imperia,
878 3762 1059 3839 potestates,
1088 3777 1165 3842 opes
1193 3761 1273 3826 ami·
