2610 4110
482 141 564 196 ona.
580 146 602 210 1,
615 145 639 197 a.
658 145 761 206 §4-9.
1119 127 1138 191 3

112 326 214 384 senatu
242 323 273 383 et
299 318 332 381 in
357 316 426 381 foro
452 315 503 380 vel
530 315 656 399 provisa
686 315 857 398 prudenter
886 318 938 383 vel
967 324 1039 381 aeta
1069 337 1139 382 oon-

106 429 222 489 ,stanter
249 421 302 485 vel
328 439 480 503 responsa
506 424 599 483 acute
625 418 824 503 ferebantur,
854 427 1022 505 propterea
1049 420 1139 502 quasi

113 543 277 607 cognomen
300 523 363 587 iam
386 521 525 586 habebat
547 522 580 585 in
600 528 762 587 senectute
782 523 943 606 sapientis.
972 525 1017 589 Te
1033 531 1173 591 auterno

112 628 163 692 olio
186 626 325 708 quodam
347 625 440 691 modo
463 646 526 690 non
550 625 650 690 solum
672 631 785 690 natura
807 633 838 692 et
860 628 1008 707 moribus
1028 647 1138 693 verum

113 730 197 794 etiam
226 730 329 795 studio
358 736 388 793 et
416 728 560 794 doetrina
587 748 657 794 esse
679 730 865 812 sapientem,
889 751 949 797 nee
971 731 1052 796 sieut
1074 731 1139 795 vul-

113 853 171 916 gus,
195 833 252 898 sed
279 839 313 898 ut
341 833 454 898 eruditi
482 833 583 897 solent
613 833 773 916 appellare
804 835 990 918 sapientem,
1014 834 1138 917 qualem

113 936 138 1000 in
158 937 279 1019 reliqua
302 936 437 1003 Graecia
458 936 617 1001 neminem
640 936 727 1022 (nam
750 937 804 1018 qui
831 946 953 1022 septem
980 939 1138 1023 appellan-

114 1045 162 1121 tur,
185 1060 239 1106 eos
266 1041 320 1122 qui
344 1041 407 1104 ista
432 1040 578 1104 subtilius
610 1047 764 1121 quaerunt
793 1041 827 1105 in
857 1062 986 1106 numero
1017 1043 1138 1126 sapien-

114 1143 181 1207 tium
209 1164 275 1209 non
309 1142 456 1228 habent),
491 1143 626 1208 Athenis
660 1164 756 1208 unum
790 1145 970 1228 accepimus
1001 1152 1033 1210 et
1066 1165 1137 1210 eum

114 1247 230 1327 quidem
260 1247 355 1312 etiam
381 1247 537 1330 Apollinis
568 1247 693 1312 oraoulo
724 1248 992 1331 sapientissimum
1022 1248 1138 1313 iudiea-

114 1355 184 1434 tum3
215 1350 300 1415 hano
327 1370 397 1415 esse
423 1350 456 1414 in
484 1356 515 1414 te
542 1350 731 1433 sapientiam
758 1351 950 1434 existimant,
974 1358 1009 1416 ut
1032 1352 1138 1416 omnia

114 1458 159 1518 tua
177 1454 211 1519 in
234 1460 265 1519 te
293 1454 396 1537 posita
424 1473 493 1519 esse
524 1453 622 1518 ducas
652 1454 870 1536 humanosque
900 1474 992 1520 oasus
1022 1456 1138 1519 virtute

113 1554 266 1622 inferiores
288 1564 388 1640 putes.
435 1558 548 1638 Itaque
571 1577 612 1621 ex
634 1577 684 1621 me
708 1564 872 1640 quaerunt,
898 1558 991 1623 oredo
1014 1578 1055 1623 ex
1077 1558 1137 1623 hoe

114 1659 176 1724 item
188 1660 353 1742 Scaevola,
366 1681 504 1743 quonam
518 1666 612 1744 paeto
627 1667 761 1725 mortem
772 1661 916 1726 Africani
930 1662 1024 1743 feras,
1038 1681 1137 1744 eoque

112 1766 212 1848 nugis,
242 1764 327 1847 quod
357 1764 509 1848 proximis
538 1764 648 1846 Nonis,
679 1784 750 1829 eum
783 1766 816 1830 in
847 1766 954 1832 hortos
984 1767 1024 1831 D.
1048 1766 1137 1830 Bruti

114 1869 228 1952 auguris
258 1867 491 1933 commentandi
519 1887 623 1947 eausa,
650 1875 686 1932 ut
715 1867 845 1949 adsolet,
869 1870 1075 1951 venissemus,
1103 1875 1137 1933 tu

114 1989 164 2036 non
192 1970 334 2053 adfuisti,
365 1971 419 2052 qui
449 1969 690 2054 diligentissime
721 1990 844 2055 semper
873 1972 961 2036 illum
990 1972 1074 2038 diem
1105 1977 1137 2037 et

113 2072 176 2139 illud
198 2094 313 2140 munus
337 2075 447 2140 solitus
471 2093 558 2139 esses
581 2074 677 2139 obire.

185 2179 361 2244 Sermone.
390 2176 552 2253 Quaerunt
574 2177 712 2259 quidem,
737 2179 770 2244 Ο.
787 2178 886 2259 Laeli,
909 2179 1009 2260 multi,
1032 2184 1066 2243 ut
1089 2185 1170 2245 esta

113 2283 267 2348 aFannio
294 2283 422 2363 dietum,
446 2280 503 2348 sed
530 2302 590 2365 ego
615 2281 649 2345 id
674 2282 860 2367 respondeo,
884 2282 969 2365 quod
995 2284 1136 2347 animum

112 2384 231 2470 adverti,
247 2393 279 2452 te
298 2387 448 2468 dolorem,
465 2406 559 2467 quem
574 2386 733 2470 acceperis
757 2406 829 2451 eum
851 2387 964 2452 summi
987 2387 1048 2452 viri
1069 2393 1136 2451 tum

112 2491 281 2557 amicissimi
303 2498 413 2571 morte,
437 2490 519 2554 ferre
542 2489 702 2555 moderate
725 2510 784 2554 nee
807 2491 947 2573 potuisse
970 2511 1032 2555 non
1055 2511 1135 2556 eom-

111 2596 216 2660 moveri
238 2615 299 2660 neo
320 2594 420 2660 fuisse
442 2594 475 2658 id
497 2593 703 2658 humanitatis
726 2600 815 2678 tuae;
840 2594 924 2675 quod
945 2600 1050 2659 autem
1074 2597 1135 2660 No-

111 2697 150 2762 nis
168 2699 204 2764 in
227 2699 360 2783 eollegio
383 2705 486 2763 nostro
509 2718 574 2762 non
596 2698 762 2779 adfuisses,
779 2697 993 2762 valetudinem
1009 2718 1135 2781 respon-

111 2796 159 2866 deo
180 2823 318 2883 oausam,
342 2823 405 2867 non
428 2802 619 2866 maestitiam
643 2801 748 2865 fuisse.

183 2908 331 2971 Lmnms.
366 2908 465 2971 Reate
491 2912 525 2969 tu
552 2904 688 2987 quidem,
713 2905 875 2985 Scaevola,
899 2911 931 2969 et
952 2924 1044 2988 vere3
1074 2926 1135 2971 neo

109 3010 182 3074 enim
208 3010 250 3074 ab
277 3010 337 3074 isto
363 3008 477 3089 officio,
506 3008 590 3091 quod
616 3029 741 3091 semper·
766 3008 926 3091 usurpavi,
954 3027 1025 3072 oum
1051 3010 1134 3074 vale-

108 3127 173 3194 rem,
197 3112 314 3178 abduei
341 3111 539 3176 incommodo
566 3131 636 3175 meo
660 3109 765 3191 debui,
788 3131 848 3176 nee
871 3112 933 3176 ullo
957 3131 1031 3176 oasu
1054 3111 1134 3176 arbi-

107 3216 160 3280 tror
181 3216 243 3298 hoo
265 3216 422 3280 constanti
444 3214 564 3279 homini
582 3234 676 3297 posse
696 3214 940 3297 contingerent
959 3216 1023 3278 ulla
1041 3215 1133 3279 inter-

106 3319 203 3384 missio
225 3319 281 3384 fiat
304 3318 409 3383 officii.
455 3319 503 3382 Tu
526 3322 642 3398 autem,
666 3318 779 3399 Fanni,
804 3317 887 3398 quod
909 3317 987 3381 mihi
1010 3323 1166 3382 tantuma

105 3411 192 3487 tribui
215 3421 303 3503 dieis,
321 3427 555 3503 quantumego
580 3440 639 3484 nee
661 3440 800 3502 agnosco
823 3440 882 3486 nee
905 3421 1038 3504 postulo,
1054 3421 1133 3486 faeis

104 3527 213 3610 amioe3
245 3524 311 3609 sed,
339 3530 373 3589 ut
399 3524 477 3588 milri
503 3523 630 3603 videris,
658 3544 722 3586 non
751 3530 836 3587 reete
862 3523 984 3588 iudicas
1014 3523 1054 3589 de
1078 3525 1133 3590 Oa-

104 3632 186 3713 tone3
210 3635 265 3693 aut
288 3628 373 3692 enim
394 3647 498 3708 nemo,
518 3625 603 3707 quod
626 3626 753 3708 quidem
776 3627 879 3709 magis
899 3627 1009 3706 eredo,
1023 3634 1096 3704 aut,
1106 3629 1141 3689 si

103 3721 265 3814 quisquam,
290 3732 343 3798 ille
366 3732 498 3820 sapiens
522 3731 594 3800 fuit.
622 3729 695 3812 Quo
718 3730 833 3815 modo,
850 3738 894 3796 ut
912 3730 984 3794 alm
1004 3728 1177 3793 omittam,
