2610 4110
225 169 267 233 34
528 183 688 239 LAELIUS
706 184 755 237 DE
774 183 955 238 AMICITIA.

226 357 373 422 facillime
395 357 586 441 agnoscitur,
607 357 724 441 quippe
747 357 800 440 qui
824 358 918 423 etiam
941 357 1141 423 adversando
1165 379 1260 442 saepe

226 461 408 525 adsentetur
438 467 469 526 ct
497 462 621 544 litigare
651 482 685 525 se
716 461 867 525 simulans
894 460 1075 526 blandiatur
1100 468 1198 543 atque
1220 462 1260 525 ad

228 570 403 628 extremum
425 563 480 628 det
501 584 613 628 manus
636 564 784 646 vincique
806 584 840 628 se
863 565 1009 647 patiatur,
1030 571 1065 641 ut
1087 565 1125 646 is,
1141 565 1195 646 qui
1219 565 1261 628 in·

227 667 313 731 lusus
347 667 396 747 sit,
426 668 497 751 plus
526 665 644 732 vidisse
679 666 831 731 videatur.
883 666 967 742 Quid
1000 662 1106 732 autem
1140 667 1262 750 turpius

228 789 322 850 quam
337 768 462 833 inludi?
500 768 591 846 Quod
614 776 648 833 ut
670 789 712 834 ne
730 769 863 853 accidat,
879 770 981 854 magis
1004 769 1182 834 cavendum
1206 777 1260 835 est.

271 872 320 936 Ut
342 892 396 935 me
415 871 526 938 hodie
549 877 636 936 ante
659 892 786 937 omnes
810 872 971 937 comicos
994 873 1130 938 stultos
1153 892 1263 938 senes

272 975 445 1040 Verstris
466 981 581 1057 atque
604 975 808 1040 inldsseris
831 976 1062 1041 lautissume.

161 1095 210 1143 roo
229 1079 317 1142 Haeo
345 1078 429 1141 enim
456 1078 552 1144 etiam
579 1078 613 1142 in
625 1078 752 1143 -fabulis
775 1079 959 1143 stultissima
980 1098 1117 1163 persona
1140 1085 1188 1144 θεῖ
1210 1078 1262 1142 im-

229 1179 429 1266 providorum
453 1188 484 1246 et
507 1180 702 1246 credulorum
726 1202 845 1246 senum.
870 1181 934 1246 Sed
956 1182 1062 1247 nescio
1085 1201 1148 1263 quo
1171 1190 1262 1265 pacto

172 1345 175 1353 .
229 1285 270 1347 ab
293 1284 440 1347 amicitiis
462 1284 673 1367 perfectorum
695 1283 867 1364 hominum,
883 1283 917 1347 id
941 1290 989 1350 est
1004 1284 1195 1367 sapientium
1213 1283 1263 1367 (de

229 1387 290 1450 hac
320 1386 390 1451 dico
424 1387 590 1469 sapientia,
621 1406 703 1468 quae
732 1386 856 1451 videtur
889 1387 924 1450 in
957 1387 1116 1452 bominem
1151 1386 1263 1452 cadere

230 1488 345 1574 posse),
369 1488 411 1552 ad
433 1489 520 1553 leves
541 1488 698 1565 amicitias
721 1488 853 1554 defluxit
876 1489 983 1555 oratio.
1009 1488 1111 1564 Quam
1133 1490 1174 1555 ob
1198 1510 1264 1553 rem

230 1591 272 1655 ad
286 1591 341 1655 illa
355 1591 457 1675 prima
468 1590 633 1655 redeamus
646 1610 745 1672 eaque
760 1592 831 1675 ipsa
846 1592 1068 1657 concludamus
1083 1591 1263 1673 aliquando.

175 1706 211 1760 -27
316 1694 434 1774 Virtus,
457 1694 566 1774 virtus,
589 1693 728 1775 inquam,
753 1696 786 1760 O.
803 1696 916 1776 Fanni,
940 1703 972 1760 ct
994 1702 1037 1776 to,
1062 1693 1099 1771 Q.
1115 1695 1212 1776 Muci,
1235 1701 1265 1759 ct

202 1833 205 1837 ,
231 1797 376 1862 conciliat
398 1796 554 1861 amicitias
578 1802 609 1863 θῖ
632 1804 807 1862 conservat.
853 1799 891 1861 In
915 1818 952 1862 ea
976 1803 1024 1863 est
1047 1798 1130 1862 enim
1154 1817 1264 1863 conve-

229 1900 351 1963 nientia
376 1919 490 1979 rerum,
513 1899 546 1963 in
574 1919 612 1963 ea
639 1900 804 1980 stabilitas,
831 1901 865 1963 in
893 1921 931 1964 ca
957 1901 1151 1984 constantia;
1183 1920 1265 1981 quae

231 2023 300 2066 cum
324 2022 358 2066 se
381 2002 494 2066 extulit
517 2007 549 2066 et
571 2002 709 2067 ostendit
734 2022 825 2066 suum
848 2003 955 2066 lumen
978 2009 1009 2066 et
1031 2002 1116 2066 idem
1139 2003 1266 2086 aspexit

229 2105 421 2188 agnovitque
441 2105 474 2168 ln
491 2105 562 2185 alio,
578 2104 621 2168 ad
643 2104 676 2168 id
699 2125 732 2169 se
755 2103 903 2170 admovet
926 2105 1127 2187 vicissimque
1150 2106 1265 2190 accipit

229 2207 316 2289 illud,
340 2205 425 2288 quod
446 2207 480 2270 in
502 2208 600 2271 altero
624 2214 688 2291 est;
720 2228 761 2271 ex
789 2228 850 2288 quo
878 2207 1056 2272 exardescit
1082 2208 1150 2273 sive
1177 2229 1266 2274 amor

230 2311 298 2375 sive
325 2310 481 2393 amicitia,
512 2316 678 2391 utrumque
709 2310 793 2373 enim
821 2310 949 2375 ductum
976 2318 1024 2376 est
1049 2312 1089 2377 ab
1116 2311 1264 2393 amando,

230 2432 337 2477 amare
366 2419 472 2476 autem
502 2412 581 2476 nihil
612 2418 660 2476 cst
689 2412 775 2476 aliud
801 2413 864 2477 nisi
892 2433 963 2476 eum
990 2414 1094 2497 ipsum
1121 2413 1264 2497 diligere,

231 2535 325 2597 quem
357 2535 459 2594 ames,
490 2514 577 2579 nulla
609 2513 800 2597 indigentia,
831 2516 916 2578 nulla
946 2516 1080 2580 utilitate
1111 2519 1264 2598 quaesita,

232 2637 312 2700 quae
336 2624 441 2682 tamen
463 2618 534 2701 ipsa
556 2617 726 2682 efflorescit
753 2638 794 2682 ex
816 2617 964 2698 amicitia,
988 2618 1111 2683 etiamsi
1136 2626 1172 2684 tu
1195 2640 1266 2685 eam

165 2745 211 2792 101
231 2723 335 2785 minus
366 2727 492 2785 secutus
522 2721 574 2784 sis.
621 2721 689 2785 Hac
720 2740 778 2785 nos
804 2719 1023 2786 adulescentes
1049 2722 1266 2787 benivolentia

231 2844 323 2889 senes
349 2824 428 2903 illos,
456 2824 492 2888 L.
509 2824 652 2904 Paulum,
679 2824 720 2887 M.
739 2824 901 2905 Catonem,
925 2825 959 2890 O.
977 2824 1099 2905 Galum,
1123 2825 1158 2889 P.
1175 2826 1266 2892 Nasi-

231 2948 311 3007 cam,
333 2927 381 2990 Ti.
399 2925 584 3005 Gracchum,
609 2925 765 3008 Scipionis
787 2927 886 2990 nostri
909 2947 1061 3007 socerum,
1085 2927 1264 3010 dileximus

232 3031 310 3093 haec
334 3028 428 3092 etiam
451 3029 553 3110 magis
576 3029 678 3093 clucet
699 3029 782 3092 inter
804 3030 962 3111 aequales,
986 3036 1021 3093 ut
1049 3030 1131 3094 inter
1158 3052 1211 3097 me
1235 3039 1266 3097 et

232 3132 420 3214 Scipionem,
444 3132 479 3195 L.
496 3131 635 3211 Furium,
662 3133 696 3194 P.
714 3131 883 3215 Rupilium,
912 3133 964 3216 Sp.
981 3133 1174 3197 Mummium.
1214 3135 1266 3199 Vi·

232 3235 337 3298 cissim
359 3240 464 3298 autem
488 3253 580 3298 senes
602 3234 636 3297 in
658 3234 908 3299 adulescentium
935 3236 1065 3300 caritate
1090 3236 1266 3319 adquiesci-

231 3357 310 3417 mus,
337 3343 373 3400 ut
399 3337 432 3400 in
455 3344 570 3416 vestra,
597 3343 633 3399 ut
658 3337 691 3399 in
715 3336 752 3412 Q.
769 3337 961 3422 Tuberonis,
993 3337 1140 3419 equidem
1157 3341 1266 3405 etiam

230 3439 399 3503 admodum
426 3438 639 3503 adulescentis
662 3439 695 3502 P.
713 3439 820 3520 Rutili,
843 3440 880 3504 A.
895 3440 1026 3523 Vergini
1049 3440 1265 3508 familiaritate

231 3542 378 3607 delector.
418 3540 637 3622 Quoniamque
659 3541 704 3604 ita
727 3541 805 3607 ratio
829 3549 1011 3626 comparata
1033 3549 1081 3608 cst
1103 3543 1188 3608 vitae
1212 3565 1266 3608 na-

231 3652 382 3726 turaeque
405 3650 539 3724 nostrae,
563 3644 682 3707 utalia
708 3650 797 3709 aetas
824 3645 949 3725 oriatur,
973 3645 1112 3710 maxime
1135 3646 1265 3728 quidem

231 3747 403 3831 optandum
419 3753 476 3826 cst,
496 3753 530 3810 ut
554 3767 624 3810 cum
646 3747 830 3827 aequalibus
853 3748 963 3831 possis,
980 3748 1166 3829 quibuscum
1186 3755 1265 3814 tam-
