2610 4110
383 115 466 169 CAP.
480 119 590 172 10-12.
609 121 624 181 ἓ
636 119 746 172 35-11.
1042 104 1081 167 15

50 285 187 366 perfecta
208 286 335 370 quidem
363 289 520 372 sapientia
546 290 573 354 si
596 290 702 370 simus,
726 290 804 354 nihil
826 290 944 357 habeat
966 312 1016 357 res
1038 293 1081 356 vi·

52 387 90 452 tii.
135 389 201 457 Sed
222 391 378 472 loquimur
404 391 444 457 dc
471 393 510 458 iis
537 393 658 473 amicis,
682 394 734 474 qui
763 400 838 458 ante
865 395 971 460 oculos
998 403 1080 475 sunt,

54 509 123 570 quos
150 492 295 558 videmus
321 501 376 559 aut
403 494 443 559 de
470 496 584 577 quibus
611 497 762 560 memoria
789 498 978 582 accepimus,
1003 518 1081 580 qnos

55 594 134 658 novit
155 596 223 660 vita
245 597 436 682 communis,
460 617 501 663 ex
523 597 585 663 hoc
608 619 738 664 numeru
754 600 845 664 nobis
868 601 1016 685 exenrpla
1032 621 1080 666 su·

56 695 162 762 menda
177 705 260 780 sunt,
276 706 429 765 eteorum
446 700 573 783 quidem
590 703 737 782 maxime,
755 704 808 784 qni
828 702 870 766 ad
891 704 1080 787 sapientiam

57 800 189 880 proxime
215 802 378 867 accedunt.
419 804 571 869 Videmus
599 806 721 888 Papum
748 806 918 870 Aemilium
944 807 1080 872 Luscino
1099 823 1132 873 su

57 899 234 968 familiarem
249 905 346 971 fuisse
362 905 422 992 (sic
441 928 461 971 a
476 909 618 990 patribus
640 908 844 992 accepimus),
862 910 911 975 bis
931 930 995 974 una
1010 930 1080 975 eon-

58 1005 139 1088 sules,
157 1007 293 1091 collegas
308 1010 341 1073 in
358 1029 507 1093 censura3
531 1016 597 1073 tum
614 1017 645 1075 et
661 1030 732 1074 cum
747 1011 786 1075 iis
802 1019 833 1075 ct
848 1012 930 1076 inter
952 1033 987 1078 sc
1011 1033 1081 1078 con·

58 1105 257 1175 iunctissimos
284 1111 381 1176 fuisse
408 1113 460 1176 Μ’.
478 1114 616 1193 Curium,
644 1114 691 1177 Ti.
709 1115 940 1179 Coruncanium
967 1136 1081 1181 merno-

57 1210 110 1276 riae
131 1213 289 1296 proditum
312 1223 367 1280 est.
403 1217 504 1299 Igitur
526 1237 566 1281 ue
590 1217 742 1300 suspicari
766 1216 893 1299 quidem
915 1237 1081 1301 possumus

58 1331 234 1398 quemquam
257 1317 368 1382 horum
390 1320 431 1383 ab
454 1319 556 1383 amico
580 1320 741 1403 quippiam
765 1320 976 1401 contendisse,
997 1321 1080 1402 qnod

57 1423 153 1483 contra
174 1419 281 1500 fidem,
302 1427 410 1486 contra
431 1423 480 1486 ius
502 1423 680 1503 iurandum,
701 1429 809 1487 contra
831 1443 898 1487 rem
921 1424 1080 1506 publicam

57 1526 135 1586 esset.
167 1522 252 1586 Nam
274 1524 334 1588 hcc
357 1523 485 1607 quidem
507 1525 541 1588 in
564 1526 680 1590 talibus
704 1525 779 1590 viris
803 1524 879 1607 quid
901 1526 1014 1590 attinet
1037 1526 1080 1591 di·

57 1639 124 1705 ccre,
147 1625 176 1691 si
199 1627 422 1709 contendisset,
445 1629 685 1712 impetraturum
708 1650 770 1694 uon
794 1628 918 1694 fuisse?
942 1650 1013 1694 cum
1035 1630 1080 1695 illi

56 1728 234 1794 sanctissimi
261 1731 321 1796 viri
347 1731 473 1813 fuerint,
496 1753 598 1814 aeque
625 1739 731 1798 autem
760 1733 851 1797 nefas
879 1733 920 1797 sit
941 1733 1004 1799 talc
1027 1734 1080 1798 ali-

56 1829 120 1909 quid
141 1839 174 1898 et
196 1832 301 1898 facere
323 1841 468 1918 rogatum
492 1842 523 1900 et
544 1857 664 1919 rogare.
689 1838 732 1900 At
747 1856 821 1901 vero
837 1837 885 1899 Ti.
903 1836 1080 1901 Gracchum

55 1936 256 2015 sequebantur
278 1939 312 2003 C.
331 1939 444 2019 Carbo,
474 1940 508 2005 0.
525 1939 612 2020 Cato,
642 1945 673 2003 ct
700 1939 829 2004 minime
857 1944 924 2002 tum
952 1938 1079 2021 quidem

56 2033 81 2100 O.
95 2036 192 2102 frater
213 2060 298 2105 nunc
320 2041 405 2107 idem
426 2043 606 2106 acerrimus.

126 2143 217 2208 Haec
243 2144 339 2227 igitur
364 2145 417 2210 lex
440 2146 473 2210 in
496 2146 636 2210 amicitia
659 2146 826 2225 sanciatur,
850 2152 884 2209 ut
907 2165 1011 2227 neque
1034 2167 1078 2209 ro·
1097 2130 1133 2252 ἐξ

53 2262 153 2324 gemus
175 2266 227 2312 res
250 2254 358 2332 turpes
381 2269 440 2312 nec
463 2248 616 2313 faciamus
638 2249 748 2332 rogati.
780 2248 895 2332 'l'urpis
919 2249 1003 2313 cuim
1027 2269 1079 2313 ex-

53 2348 162 2413 cusatio
187 2355 235 2414 est
258 2357 289 2413 et
311 2351 441 2415 minime
463 2350 650 2435 accipienda
672 2371 743 2415 cum
770 2350 802 2414 in
831 2351 944 2416 ceteris
971 2372 1079 2435 pccca-

52 2447 93 2529 tis,
122 2457 191 2515 tum
220 2452 247 2516 si
277 2453 348 2534 quis
379 2460 487 2518 contra
516 2474 584 2518 rem
613 2455 772 2537 publicam
799 2473 834 2518 sc
861 2454 954 2517 amici
983 2475 1079 2519 causa

51 2549 156 2620 fecisse
179 2554 324 2621 fateatur.
359 2558 486 2621 Etenim
509 2577 545 2621 eo
568 2558 646 2636 loco,
670 2557 773 2621 Fanni
797 2563 828 2621 ct
851 2557 1014 2638 Scaevola,
1038 2559 1078 2621 lo-

51 2657 237 2740 carisomus,
253 2667 289 2724 ut
303 2680 363 2725 nos
378 2661 472 2744 longe
487 2661 666 2744 prospicere
686 2666 828 2743 oporteat
847 2660 968 2724 futuros
988 2680 1078 2723 (rasus

49 2760 88 2824 rei
107 2761 264 2845 publicae.
288 2762 429 2828 Defiexit
450 2764 514 2827 iam
537 2764 734 2844 aliquantum
758 2762 797 2826 dc
821 2763 922 2845 spatio
947 2763 1078 2826 curricu-

48 2859 134 2947 loque
158 2866 352 2930 ccnsuetudu
374 2867 537 2931 maiorum.
582 2864 812 2930 tremamus
835 2884 967 2948 regnum
991 2885 1078 2929 ‹rccu-
1097 2884 1129 2933 41

48 2985 116 3048 pare
132 2976 264 3034 conatus
284 2976 341 3050 est,
357 2970 409 3034 vel
431 2969 578 3052 regnavit
600 2970 627 3033 is
651 2967 778 3049 quidem
801 2987 919 3051 paucos
942 2988 1076 3033 monscs.

47 3067 219 3154 Numquid
242 3072 343 3136 simile
359 3073 492 3155 populns
508 3073 668 3134 Romanus
691 3071 833 3134 audierat
855 3076 910 3133 aut
933 3068 1078 3134 viderat?

45 3170 135 3238 Hune
159 3174 254 3238 ctiam
278 3181 502 3257 postmortem
526 3173 625 3237 secuti
647 3172 740 3235 amici
765 3178 796 3235 ct
814 3172 981 3255 propinqui
1003 3172 1077 3253 quid

45 3273 74 3341 in
96 3279 131 3341 P.
150 3278 299 3361 Scipione
327 3278 490 3342 effecerint
518 3278 586 3341 sine
612 3276 750 3341 lacrimis
773 3296 834 3339 non
860 3295 939 3357 queo
963 3275 1076 3339 (licere.

46 3377 126 3444 Nam
151 3382 339 3461 Carbonem,
364 3400 487 3463 quoquc
514 3379 608 3444 modo
631 3379 799 3462 potuimus,
823 3384 950 3461 proptor
973 3398 1078 3439 rcccn-

46 3487 106 3547 tem
140 3504 277 3567 poenam
307 3485 355 3547 Ti.
380 3482 514 3547 Gracchi
548 3482 773 3564 sustinuimus5
810 3480 849 3544 dc
884 3479 1078 3544 C.G1·acclri

46 3593 148 3650 autem
171 3587 333 3650 tribunatu
349 3587 424 3667 quid
448 3593 623 3669 expectem,
640 3605 703 3648 non
727 3584 803 3647 libet
826 3583 982 3663 augurari.
1011 3585 1079 3645 Scr-

10 3690 13 3783 j
46 3689 89 3770 pit
110 3689 144 3753 id
167 3690 200 3753 in
223 3689 302 3770 dics,
319 3709 431 3770 resque
454 3688 601 3771 proclivis
624 3686 665 3749 ad
687 3687 870 3769 pernicicm,
888 3705 958 3749 cum
982 3683 1079 3749 scrucl

947 3835 980 3889 3⁸
