<?xml version="1.0" encoding="UTF-8"?>
<!DOCTYPE html PUBLIC "-//W3C//DTD XHTML 1.0 Transitional//EN"
    "http://www.w3.org/TR/xhtml1/DTD/xhtml1-transitional.dtd">
<html xmlns="http://www.w3.org/1999/xhtml" xml:lang="en" lang="en">
 <head>
  <title>
</title>
<meta http-equiv="Content-Type" content="text/html;charset=utf-8" />
  <meta name='ocr-system' content='tesseract 3.04.00' />
  <meta name='ocr-capabilities' content='ocr_page ocr_carea ocr_par ocr_line ocrx_word'/>
</head>
<body>
  <div class='ocr_page' id='page_1' title='image "./laeliusdeamicit04cicegoog_0045.png"; bbox 0 0 2610 4110; ppageno 0'>
   <div class='ocr_carea' id='block_1_1' title="bbox 174 114 906 187">
    <p class='ocr_par' dir='ltr' id='par_1_1' title="bbox 174 114 906 187">
     <span class='ocr_line' id='line_1_1' title="bbox 174 114 906 187; baseline 0.015 -11"><span class='ocrx_word' id='word_1_1' title='bbox 174 114 214 177; x_wconf 83' lang='lat'>14</span> <span class='ocrx_word' id='word_1_2' title='bbox 471 130 632 186; x_wconf 82' lang='lat' dir='ltr'>LAELIUS</span> <span class='ocrx_word' id='word_1_3' title='bbox 649 132 699 185; x_wconf 85' lang='lat' dir='ltr'>DE</span> <span class='ocrx_word' id='word_1_4' title='bbox 718 132 906 187; x_wconf 77' lang='lat' dir='ltr'>AMICITIA.</span> 
     </span>
    </p>
   </div>
   <div class='ocr_carea' id='block_1_2' title="bbox 42 304 1194 3791">
    <p class='ocr_par' dir='ltr' id='par_1_2' title="bbox 42 304 1194 3791">
     <span class='ocr_line' id='line_1_2' title="bbox 172 304 1191 386; baseline 0.003 -19"><span class='ocrx_word' id='word_1_5' title='bbox 172 310 380 386; x_wconf 80' lang='lat' dir='ltr'>arguerentur</span> <span class='ocrx_word' id='word_1_6' title='bbox 401 304 441 368; x_wconf 95' lang='lat' dir='ltr'>ab</span> <span class='ocrx_word' id='word_1_7' title='bbox 465 304 514 385; x_wconf 87' lang='lat' dir='ltr'>iis,</span> <span class='ocrx_word' id='word_1_8' title='bbox 538 305 652 386; x_wconf 90' lang='lat' dir='ltr'>quibus</span> <span class='ocrx_word' id='word_1_9' title='bbox 675 305 806 386; x_wconf 89' lang='lat' dir='ltr'>obsequi</span> <span class='ocrx_word' id='word_1_10' title='bbox 828 306 956 371; x_wconf 87' lang='lat' dir='ltr'>nollent.</span> <span class='ocrx_word' id='word_1_11' title='bbox 991 306 1068 372; x_wconf 89' lang='lat' dir='ltr'>Illos</span> <span class='ocrx_word' id='word_1_12' title='bbox 1090 314 1191 384; x_wconf 89' lang='lat' dir='ltr'>autem,</span> 
     </span>
     <span class='ocr_line' id='line_1_3' title="bbox 174 407 1191 494; baseline 0.003 -24"><span class='ocrx_word' id='word_1_13' title='bbox 174 407 227 488; x_wconf 93' lang='lat' dir='ltr'>qui</span> <span class='ocrx_word' id='word_1_14' title='bbox 257 407 383 488; x_wconf 88' lang='lat' dir='ltr'>quidvis</span> <span class='ocrx_word' id='word_1_15' title='bbox 413 409 453 472; x_wconf 90' lang='lat' dir='ltr'>ab</span> <span class='ocrx_word' id='word_1_16' title='bbox 485 408 585 474; x_wconf 88' lang='lat' dir='ltr'>amico</span> <span class='ocrx_word' id='word_1_17' title='bbox 614 409 768 473; x_wconf 83' lang='lat' dir='ltr'>auderent</span> <span class='ocrx_word' id='word_1_18' title='bbox 798 410 967 493; x_wconf 89' lang='lat' dir='ltr'>postulare,</span> <span class='ocrx_word' id='word_1_19' title='bbox 998 411 1191 494; x_wconf 83' lang='lat' dir='ltr'>postulatione</span> 
     </span>
     <span class='ocr_line' id='line_1_4' title="bbox 173 509 1190 593; baseline 0.002 -20"><span class='ocrx_word' id='word_1_20' title='bbox 173 509 243 592; x_wconf 91' lang='lat' dir='ltr'>ipsa</span> <span class='ocrx_word' id='word_1_21' title='bbox 264 510 402 593; x_wconf 87' lang='lat' dir='ltr'>profiteri</span> <span class='ocrx_word' id='word_1_22' title='bbox 425 511 531 574; x_wconf 91' lang='lat' dir='ltr'>omnia</span> <span class='ocrx_word' id='word_1_23' title='bbox 553 531 587 575; x_wconf 89' lang='lat' dir='ltr'>se</span> <span class='ocrx_word' id='word_1_24' title='bbox 609 512 703 575; x_wconf 91' lang='lat' dir='ltr'>amici</span> <span class='ocrx_word' id='word_1_25' title='bbox 726 531 820 576; x_wconf 91' lang='lat' dir='ltr'>causa</span> <span class='ocrx_word' id='word_1_26' title='bbox 836 532 905 577; x_wconf 89' lang='lat' dir='ltr'>esse</span> <span class='ocrx_word' id='word_1_27' title='bbox 920 513 1068 579; x_wconf 90' lang='lat' dir='ltr'>facturos.</span> <span class='ocrx_word' id='word_1_28' title='bbox 1092 515 1190 577; x_wconf 89' lang='lat' dir='ltr'>Eorum</span> 
     </span>
     <span class='ocr_line' id='line_1_5' title="bbox 174 613 1189 700; baseline 0.002 -24"><span class='ocrx_word' id='word_1_29' title='bbox 174 614 302 694; x_wconf 89' lang='lat' dir='ltr'>quercla</span> <span class='ocrx_word' id='word_1_30' title='bbox 328 613 503 677; x_wconf 88' lang='lat' dir='ltr'>inveterata</span> <span class='ocrx_word' id='word_1_31' title='bbox 529 634 592 678; x_wconf 94' lang='lat' dir='ltr'>non</span> <span class='ocrx_word' id='word_1_32' title='bbox 619 614 711 679; x_wconf 93' lang='lat' dir='ltr'>modo</span> <span class='ocrx_word' id='word_1_33' title='bbox 738 614 969 681; x_wconf 79' lang='lat' dir='ltr'>familiaritates</span> <span class='ocrx_word' id='word_1_34' title='bbox 996 617 1138 700; x_wconf 83' lang='lat' dir='ltr'>extingui</span> <span class='ocrx_word' id='word_1_35' title='bbox 1157 635 1189 680; x_wconf 86' lang='lat' dir='ltr'>so</span> 
     </span>
     <span class='ocr_line' id='line_1_6' title="bbox 173 715 1190 802; baseline 0.002 -24"><span class='ocrx_word' id='word_1_36' title='bbox 173 716 246 796; x_wconf 87' lang='lat' dir='ltr'>lere,</span> <span class='ocrx_word' id='word_1_37' title='bbox 271 715 327 781; x_wconf 89' lang='lat' dir='ltr'>sed</span> <span class='ocrx_word' id='word_1_38' title='bbox 354 716 427 781; x_wconf 93' lang='lat' dir='ltr'>odia</span> <span class='ocrx_word' id='word_1_39' title='bbox 454 717 547 781; x_wconf 91' lang='lat' dir='ltr'>etiam</span> <span class='ocrx_word' id='word_1_40' title='bbox 575 717 665 800; x_wconf 85' lang='lat' dir='ltr'>gigni</span> <span class='ocrx_word' id='word_1_41' title='bbox 687 719 887 802; x_wconf 87' lang='lat' dir='ltr'>sempiterna.</span> <span class='ocrx_word' id='word_1_42' title='bbox 933 720 1022 784; x_wconf 91' lang='lat' dir='ltr'>Haec</span> <span class='ocrx_word' id='word_1_43' title='bbox 1043 720 1088 783; x_wconf 88' lang='lat' dir='ltr'>ita</span> <span class='ocrx_word' id='word_1_44' title='bbox 1110 718 1190 782; x_wconf 89' lang='lat' dir='ltr'>multa</span> 
     </span>
     <span class='ocr_line' id='line_1_7' title="bbox 175 819 1189 904; baseline 0 -22"><span class='ocrx_word' id='word_1_45' title='bbox 175 819 264 900; x_wconf 89' lang='lat' dir='ltr'>quasi</span> <span class='ocrx_word' id='word_1_46' title='bbox 293 819 361 883; x_wconf 92' lang='lat' dir='ltr'>fata</span> <span class='ocrx_word' id='word_1_47' title='bbox 390 819 573 903; x_wconf 88' lang='lat' dir='ltr'>impendere</span> <span class='ocrx_word' id='word_1_48' title='bbox 603 821 760 902; x_wconf 91' lang='lat' dir='ltr'>amicitiis,</span> <span class='ocrx_word' id='word_1_49' title='bbox 788 828 822 886; x_wconf 89' lang='lat' dir='ltr'>ut</span> <span class='ocrx_word' id='word_1_50' title='bbox 853 823 960 887; x_wconf 92' lang='lat' dir='ltr'>omnia</span> <span class='ocrx_word' id='word_1_51' title='bbox 990 822 1189 904; x_wconf 83' lang='lat' dir='ltr'>subterfugere</span> 
     </span>
     <span class='ocr_line' id='line_1_8' title="bbox 174 921 1188 1006; baseline -0.001 -20"><span class='ocrx_word' id='word_1_52' title='bbox 174 944 236 987; x_wconf 91' lang='lat' dir='ltr'>non</span> <span class='ocrx_word' id='word_1_53' title='bbox 267 922 360 988; x_wconf 92' lang='lat' dir='ltr'>modo</span> <span class='ocrx_word' id='word_1_54' title='bbox 391 923 576 1006; x_wconf 79' lang='lat' dir='ltr'>sapientiae,</span> <span class='ocrx_word' id='word_1_55' title='bbox 605 923 661 988; x_wconf 89' lang='lat' dir='ltr'>sed</span> <span class='ocrx_word' id='word_1_56' title='bbox 693 925 788 989; x_wconf 88' lang='lat' dir='ltr'>ctiam</span> <span class='ocrx_word' id='word_1_57' title='bbox 815 925 975 991; x_wconf 89' lang='lat' dir='ltr'>felicitatis</span> <span class='ocrx_word' id='word_1_58' title='bbox 1002 926 1120 990; x_wconf 91' lang='lat' dir='ltr'>diceret</span> <span class='ocrx_word' id='word_1_59' title='bbox 1143 921 1188 989; x_wconf 89' lang='lat' dir='ltr'>sibi</span> 
     </span>
     <span class='ocr_line' id='line_1_9' title="bbox 174 1024 285 1089; baseline 0 0"><span class='ocrx_word' id='word_1_60' title='bbox 174 1024 285 1089; x_wconf 91' lang='lat' dir='ltr'>videri.</span> 
     </span>
     <span class='ocr_line' id='line_1_10' title="bbox 123 1106 1187 1223; baseline -0.002 -30"><span class='ocrx_word' id='word_1_61' title='bbox 123 1106 156 1223; x_wconf 51' lang='grc' dir='ltr'>ἐξ</span> <span class='ocrx_word' id='word_1_62' title='bbox 261 1127 364 1205; x_wconf 75' lang='lat' dir='ltr'>Quam</span> <span class='ocrx_word' id='word_1_63' title='bbox 387 1131 426 1195; x_wconf 94' lang='lat' dir='ltr'>ob</span> <span class='ocrx_word' id='word_1_64' title='bbox 449 1150 516 1194; x_wconf 88' lang='lat' dir='ltr'>rem</span> <span class='ocrx_word' id='word_1_65' title='bbox 538 1129 572 1193; x_wconf 95' lang='lat' dir='ltr'>id</span> <span class='ocrx_word' id='word_1_66' title='bbox 593 1131 729 1214; x_wconf 89' lang='lat' dir='ltr'>primum</span> <span class='ocrx_word' id='word_1_67' title='bbox 751 1130 926 1213; x_wconf 80' lang='lat' dir='ltr'>rideamne,</span> <span class='ocrx_word' id='word_1_68' title='bbox 950 1131 977 1196; x_wconf 89' lang='lat' dir='ltr'>si</span> <span class='ocrx_word' id='word_1_69' title='bbox 999 1132 1113 1216; x_wconf 90' lang='lat' dir='ltr'>placet,</span> <span class='ocrx_word' id='word_1_70' title='bbox 1134 1149 1187 1213; x_wconf 87' lang='lat' dir='ltr'>qua·</span> 
     </span>
     <span class='ocr_line' id='line_1_11' title="bbox 175 1232 1189 1318; baseline 0.001 -24"><span class='ocrx_word' id='word_1_71' title='bbox 175 1238 266 1296; x_wconf 90' lang='lat' dir='ltr'>tenus</span> <span class='ocrx_word' id='word_1_72' title='bbox 287 1251 376 1295; x_wconf 93' lang='lat' dir='ltr'>amor</span> <span class='ocrx_word' id='word_1_73' title='bbox 398 1232 431 1296; x_wconf 92' lang='lat' dir='ltr'>in</span> <span class='ocrx_word' id='word_1_74' title='bbox 454 1233 594 1297; x_wconf 91' lang='lat' dir='ltr'>amicitia</span> <span class='ocrx_word' id='word_1_75' title='bbox 616 1233 763 1318; x_wconf 87' lang='lat' dir='ltr'>progredi</span> <span class='ocrx_word' id='word_1_76' title='bbox 787 1233 910 1298; x_wconf 88' lang='lat' dir='ltr'>debeat.</span> <span class='ocrx_word' id='word_1_77' title='bbox 943 1235 1080 1315; x_wconf 89' lang='lat' dir='ltr'>Numnc,</span> <span class='ocrx_word' id='word_1_78' title='bbox 1103 1234 1128 1299; x_wconf 92' lang='lat' dir='ltr'>si</span> <span class='ocrx_word' id='word_1_79' title='bbox 1148 1233 1189 1298; x_wconf 82' lang='lat' dir='ltr'>Co</span> 
     </span>
     <span class='ocr_line' id='line_1_12' title="bbox 173 1332 1189 1421; baseline -0.004 -22"><span class='ocrx_word' id='word_1_80' title='bbox 173 1334 312 1400; x_wconf 90' lang='lat' dir='ltr'>riolanus</span> <span class='ocrx_word' id='word_1_81' title='bbox 341 1334 453 1400; x_wconf 90' lang='lat' dir='ltr'>habuit</span> <span class='ocrx_word' id='word_1_82' title='bbox 482 1336 609 1416; x_wconf 91' lang='lat' dir='ltr'>amicos,</span> <span class='ocrx_word' id='word_1_83' title='bbox 637 1336 719 1401; x_wconf 89' lang='lat' dir='ltr'>ferre</span> <span class='ocrx_word' id='word_1_84' title='bbox 750 1343 858 1402; x_wconf 92' lang='lat' dir='ltr'>contra</span> <span class='ocrx_word' id='word_1_85' title='bbox 887 1337 1022 1421; x_wconf 89' lang='lat' dir='ltr'>patriam</span> <span class='ocrx_word' id='word_1_86' title='bbox 1049 1357 1136 1401; x_wconf 92' lang='lat' dir='ltr'>arma</span> <span class='ocrx_word' id='word_1_87' title='bbox 1155 1332 1189 1397; x_wconf 94' lang='lat' dir='ltr'>illi</span> 
     </span>
     <span class='ocr_line' id='line_1_13' title="bbox 175 1437 1190 1505; baseline -0.003 -4"><span class='ocrx_word' id='word_1_88' title='bbox 175 1457 247 1501; x_wconf 94' lang='lat' dir='ltr'>eum</span> <span class='ocrx_word' id='word_1_89' title='bbox 277 1437 440 1503; x_wconf 77' lang='lat' dir='ltr'>Coriolano</span> <span class='ocrx_word' id='word_1_90' title='bbox 471 1438 674 1504; x_wconf 82' lang='lat' dir='ltr'>debuerunt?</span> <span class='ocrx_word' id='word_1_91' title='bbox 708 1459 785 1503; x_wconf 93' lang='lat' dir='ltr'>num</span> <span class='ocrx_word' id='word_1_92' title='bbox 814 1441 1011 1505; x_wconf 84' lang='lat' dir='ltr'>Vecellinum</span> <span class='ocrx_word' id='word_1_93' title='bbox 1040 1439 1133 1503; x_wconf 90' lang='lat' dir='ltr'>amici</span> <span class='ocrx_word' id='word_1_94' title='bbox 1156 1455 1190 1499; x_wconf 89' lang='lat' dir='ltr'>re-</span> 
     </span>
     <span class='ocr_line' id='line_1_14' title="bbox 124 1538 1190 1624; baseline 0.002 -24"><span class='ocrx_word' id='word_1_95' title='bbox 124 1553 157 1601; x_wconf 80' lang='grc'>37</span> <span class='ocrx_word' id='word_1_96' title='bbox 175 1561 273 1623; x_wconf 86' lang='lat' dir='ltr'>gnum</span> <span class='ocrx_word' id='word_1_97' title='bbox 295 1540 506 1624; x_wconf 88' lang='lat' dir='ltr'>adpetentem,</span> <span class='ocrx_word' id='word_1_98' title='bbox 531 1562 607 1605; x_wconf 90' lang='lat' dir='ltr'>num</span> <span class='ocrx_word' id='word_1_99' title='bbox 629 1542 778 1606; x_wconf 88' lang='lat' dir='ltr'>Maelium</span> <span class='ocrx_word' id='word_1_100' title='bbox 801 1541 977 1607; x_wconf 85' lang='lat' dir='ltr'>debuerunt</span> <span class='ocrx_word' id='word_1_101' title='bbox 999 1543 1130 1607; x_wconf 76' lang='lat' dir='ltr'>iuvare?</span> <span class='ocrx_word' id='word_1_102' title='bbox 1152 1538 1190 1602; x_wconf 87' lang='lat' dir='ltr'>li·</span> 
     </span>
     <span class='ocr_line' id='line_1_15' title="bbox 174 1643 1192 1729; baseline -0.005 -21"><span class='ocrx_word' id='word_1_103' title='bbox 174 1645 297 1710; x_wconf 90' lang='lat' dir='ltr'>berium</span> <span class='ocrx_word' id='word_1_104' title='bbox 327 1643 454 1724; x_wconf 90' lang='lat' dir='ltr'>quidem</span> <span class='ocrx_word' id='word_1_105' title='bbox 484 1644 660 1709; x_wconf 81' lang='lat' dir='ltr'>Gracchum</span> <span class='ocrx_word' id='word_1_106' title='bbox 693 1666 761 1710; x_wconf 89' lang='lat' dir='ltr'>rem</span> <span class='ocrx_word' id='word_1_107' title='bbox 794 1646 952 1729; x_wconf 90' lang='lat' dir='ltr'>publicam</span> <span class='ocrx_word' id='word_1_108' title='bbox 985 1651 1192 1710; x_wconf 83' lang='lat' dir='ltr'>vexantema</span> 
     </span>
     <span class='ocr_line' id='line_1_16' title="bbox 175 1747 1189 1829; baseline -0.005 -19"><span class='ocrx_word' id='word_1_109' title='bbox 175 1747 212 1823; x_wconf 78' lang='lat' dir='ltr'>Q.</span> <span class='ocrx_word' id='word_1_110' title='bbox 229 1748 396 1812; x_wconf 86' lang='lat' dir='ltr'>Tuberone</span> <span class='ocrx_word' id='word_1_111' title='bbox 411 1747 656 1829; x_wconf 87' lang='lat' dir='ltr'>aequalibusque</span> <span class='ocrx_word' id='word_1_112' title='bbox 671 1748 782 1812; x_wconf 88' lang='lat' dir='ltr'>amicis</span> <span class='ocrx_word' id='word_1_113' title='bbox 805 1747 988 1812; x_wconf 90' lang='lat' dir='ltr'>derelictum</span> <span class='ocrx_word' id='word_1_114' title='bbox 1011 1748 1189 1813; x_wconf 85' lang='lat' dir='ltr'>videbamus.</span> 
     </span>
     <span class='ocr_line' id='line_1_17' title="bbox 174 1850 1191 1935; baseline -0.004 -21"><span class='ocrx_word' id='word_1_115' title='bbox 174 1851 216 1914; x_wconf 88' lang='lat' dir='ltr'>At</span> <span class='ocrx_word' id='word_1_116' title='bbox 240 1851 273 1916; x_wconf 85' lang='lat' dir='ltr'>O.</span> <span class='ocrx_word' id='word_1_117' title='bbox 291 1850 430 1915; x_wconf 87' lang='lat' dir='ltr'>Blossius</span> <span class='ocrx_word' id='word_1_118' title='bbox 459 1851 628 1932; x_wconf 70' lang='lat' dir='ltr'>Cumanus</span> <span class='ocrx_word' id='word_1_119' title='bbox 651 1850 767 1935; x_wconf 87' lang='lat' dir='ltr'>hospes</span> <span class='ocrx_word' id='word_1_120' title='bbox 793 1851 932 1916; x_wconf 89' lang='lat' dir='ltr'>familiae</span> <span class='ocrx_word' id='word_1_121' title='bbox 959 1858 1094 1932; x_wconf 87' lang='lat' dir='ltr'>vestrae,</span> <span class='ocrx_word' id='word_1_122' title='bbox 1117 1853 1191 1917; x_wconf 86' lang='lat' dir='ltr'>Scae·</span> 
     </span>
     <span class='ocr_line' id='line_1_18' title="bbox 175 1951 1191 2040; baseline -0.005 -22"><span class='ocrx_word' id='word_1_123' title='bbox 175 1954 256 2034; x_wconf 87' lang='lat' dir='ltr'>vola,</span> <span class='ocrx_word' id='word_1_124' title='bbox 281 1973 352 2017; x_wconf 90' lang='lat' dir='ltr'>cum</span> <span class='ocrx_word' id='word_1_125' title='bbox 374 1951 415 2016; x_wconf 92' lang='lat' dir='ltr'>ad</span> <span class='ocrx_word' id='word_1_126' title='bbox 438 1973 498 2036; x_wconf 92' lang='lat' dir='ltr'>mc,</span> <span class='ocrx_word' id='word_1_127' title='bbox 522 1953 606 2035; x_wconf 91' lang='lat' dir='ltr'>quod</span> <span class='ocrx_word' id='word_1_128' title='bbox 628 1953 758 2019; x_wconf 88' lang='lat' dir='ltr'>aderam</span> <span class='ocrx_word' id='word_1_129' title='bbox 780 1955 913 2018; x_wconf 90' lang='lat' dir='ltr'>Laenati</span> <span class='ocrx_word' id='word_1_130' title='bbox 936 1961 968 2018; x_wconf 93' lang='lat' dir='ltr'>et</span> <span class='ocrx_word' id='word_1_131' title='bbox 989 1955 1115 2040; x_wconf 87' lang='lat' dir='ltr'>Rupilio</span> <span class='ocrx_word' id='word_1_132' title='bbox 1136 1971 1191 2017; x_wconf 92' lang='lat' dir='ltr'>con·</span> 
     </span>
     <span class='ocr_line' id='line_1_19' title="bbox 176 2051 1192 2141; baseline -0.008 -19"><span class='ocrx_word' id='word_1_133' title='bbox 176 2057 294 2122; x_wconf 88' lang='lat' dir='ltr'>sulibus</span> <span class='ocrx_word' id='word_1_134' title='bbox 324 2057 357 2120; x_wconf 91' lang='lat' dir='ltr'>in</span> <span class='ocrx_word' id='word_1_135' title='bbox 389 2057 526 2137; x_wconf 90' lang='lat' dir='ltr'>consilio,</span> <span class='ocrx_word' id='word_1_136' title='bbox 555 2055 758 2141; x_wconf 90' lang='lat' dir='ltr'>deprecatum</span> <span class='ocrx_word' id='word_1_137' title='bbox 787 2058 936 2139; x_wconf 86' lang='lat' dir='ltr'>venisset,</span> <span class='ocrx_word' id='word_1_138' title='bbox 968 2057 1061 2139; x_wconf 89' lang='lat' dir='ltr'>hanc,</span> <span class='ocrx_word' id='word_1_139' title='bbox 1085 2064 1118 2122; x_wconf 90' lang='lat' dir='ltr'>ut</span> <span class='ocrx_word' id='word_1_140' title='bbox 1144 2051 1192 2120; x_wconf 88' lang='lat' dir='ltr'>sibi</span> 
     </span>
     <span class='ocr_line' id='line_1_20' title="bbox 42 2159 1193 2246; baseline -0.003 -23"><span class='ocrx_word' id='word_1_141' title='bbox 42 2243 44 2246; x_wconf 8' lang='lat' dir='ltr'>y</span> <span class='ocrx_word' id='word_1_142' title='bbox 175 2160 382 2244; x_wconf 80' lang='lat' dir='ltr'>ignoscerem,</span> <span class='ocrx_word' id='word_1_143' title='bbox 406 2179 533 2224; x_wconf 90' lang='lat' dir='ltr'>causam</span> <span class='ocrx_word' id='word_1_144' title='bbox 560 2160 733 2240; x_wconf 85' lang='lat' dir='ltr'>adferebat,</span> <span class='ocrx_word' id='word_1_145' title='bbox 758 2160 842 2242; x_wconf 93' lang='lat' dir='ltr'>quod</span> <span class='ocrx_word' id='word_1_146' title='bbox 864 2161 944 2224; x_wconf 92' lang='lat' dir='ltr'>tanti</span> <span class='ocrx_word' id='word_1_147' title='bbox 965 2161 1013 2225; x_wconf 84' lang='lat' dir='ltr'>Ti.</span> <span class='ocrx_word' id='word_1_148' title='bbox 1031 2159 1193 2226; x_wconf 79' lang='lat' dir='ltr'>Gracchum</span> 
     </span>
     <span class='ocr_line' id='line_1_21' title="bbox 79 2261 1191 2348; baseline -0.004 -21"><span class='ocrx_word' id='word_1_149' title='bbox 79 2341 81 2346; x_wconf 88' lang='lat'><em>.</em></span> <span class='ocrx_word' id='word_1_150' title='bbox 175 2264 312 2343; x_wconf 89' lang='lat' dir='ltr'>fecisset,</span> <span class='ocrx_word' id='word_1_151' title='bbox 336 2269 380 2343; x_wconf 92' lang='lat' dir='ltr'>ut,</span> <span class='ocrx_word' id='word_1_152' title='bbox 405 2261 557 2344; x_wconf 89' lang='lat' dir='ltr'>quidquid</span> <span class='ocrx_word' id='word_1_153' title='bbox 584 2263 635 2327; x_wconf 90' lang='lat' dir='ltr'>ille</span> <span class='ocrx_word' id='word_1_154' title='bbox 659 2264 762 2344; x_wconf 88' lang='lat' dir='ltr'>vellet,</span> <span class='ocrx_word' id='word_1_155' title='bbox 787 2264 847 2329; x_wconf 88' lang='lat' dir='ltr'>sibi</span> <span class='ocrx_word' id='word_1_156' title='bbox 870 2262 1051 2327; x_wconf 91' lang='lat' dir='ltr'>faciendum</span> <span class='ocrx_word' id='word_1_157' title='bbox 1074 2265 1191 2348; x_wconf 87' lang='lat' dir='ltr'>putaret.</span> 
     </span>
     <span class='ocr_line' id='line_1_22' title="bbox 176 2359 1194 2451; baseline -0.002 -21"><span class='ocrx_word' id='word_1_158' title='bbox 176 2368 256 2430; x_wconf 87' lang='lat' dir='ltr'>Turn</span> <span class='ocrx_word' id='word_1_159' title='bbox 291 2385 370 2449; x_wconf 89' lang='lat' dir='ltr'>ego:</span> <span class='ocrx_word' id='word_1_160' title='bbox 408 2359 603 2446; x_wconf 57' lang='lat' dir='ltr'>‘Etiamne</span> <span class='ocrx_word' id='word_1_161' title='bbox 639 2367 670 2430; x_wconf 90' lang='lat' dir='ltr'>si</span> <span class='ocrx_word' id='word_1_162' title='bbox 704 2372 739 2430; x_wconf 89' lang='lat' dir='ltr'>te</span> <span class='ocrx_word' id='word_1_163' title='bbox 772 2367 809 2429; x_wconf 91' lang='lat' dir='ltr'>in</span> <span class='ocrx_word' id='word_1_164' title='bbox 844 2367 1072 2451; x_wconf 82' lang='lat' dir='ltr'>Capitolium</span> <span class='ocrx_word' id='word_1_165' title='bbox 1104 2366 1194 2430; x_wconf 81' lang='lat' dir='ltr'>faces</span> 
     </span>
     <span class='ocr_line' id='line_1_23' title="bbox 177 2460 1193 2551; baseline -0.007 -18"><span class='ocrx_word' id='word_1_166' title='bbox 177 2469 275 2534; x_wconf 90' lang='lat' dir='ltr'>ferre</span> <span class='ocrx_word' id='word_1_167' title='bbox 312 2465 467 2533; x_wconf 56' lang='lat' dir='ltr'>vellet?</span> <span class='ocrx_word' id='word_1_168' title='bbox 519 2463 756 2551; x_wconf 82' lang='lat' dir='ltr'>‘Numquam&#39;,</span> <span class='ocrx_word' id='word_1_169' title='bbox 790 2470 906 2551; x_wconf 92' lang='lat' dir='ltr'>inquit,</span> <span class='ocrx_word' id='word_1_170' title='bbox 940 2463 1136 2536; x_wconf 88' lang='lat' dir='ltr'>‘voluisset</span> <span class='ocrx_word' id='word_1_171' title='bbox 1162 2460 1193 2529; x_wconf 91' lang='lat' dir='ltr'>id</span> 
     </span>
     <span class='ocr_line' id='line_1_24' title="bbox 178 2569 1193 2656; baseline -0.005 -20"><span class='ocrx_word' id='word_1_172' title='bbox 178 2572 342 2655; x_wconf 80' lang='lat' dir='ltr'>quidcm3</span> <span class='ocrx_word' id='word_1_173' title='bbox 362 2571 427 2637; x_wconf 91' lang='lat' dir='ltr'>sed</span> <span class='ocrx_word' id='word_1_174' title='bbox 450 2573 480 2637; x_wconf 91' lang='lat' dir='ltr'>si</span> <span class='ocrx_word' id='word_1_175' title='bbox 499 2573 696 2653; x_wconf 86' lang='lat' dir='ltr'>voluisset,</span> <span class='ocrx_word' id='word_1_176' title='bbox 712 2569 941 2656; x_wconf 74' lang='lat' dir='ltr'>paruissem.²</span> <span class='ocrx_word' id='word_1_177' title='bbox 963 2573 1096 2655; x_wconf 91' lang='lat' dir='ltr'>Videtis,</span> <span class='ocrx_word' id='word_1_178' title='bbox 1114 2586 1193 2655; x_wconf 89' lang='lat' dir='ltr'>qnam</span> 
     </span>
     <span class='ocr_line' id='line_1_25' title="bbox 176 2676 1194 2760; baseline -0.005 -20"><span class='ocrx_word' id='word_1_179' title='bbox 176 2676 299 2742; x_wconf 91' lang='lat' dir='ltr'>nefaria</span> <span class='ocrx_word' id='word_1_180' title='bbox 321 2677 400 2740; x_wconf 85' lang='lat' dir='ltr'>vox!</span> <span class='ocrx_word' id='word_1_181' title='bbox 443 2677 483 2739; x_wconf 80' lang='lat' dir='ltr'>ut</span> <span class='ocrx_word' id='word_1_182' title='bbox 506 2677 631 2740; x_wconf 90' lang='lat' dir='ltr'>hercule</span> <span class='ocrx_word' id='word_1_183' title='bbox 653 2677 698 2739; x_wconf 91' lang='lat' dir='ltr'>ita</span> <span class='ocrx_word' id='word_1_184' title='bbox 720 2676 795 2739; x_wconf 92' lang='lat' dir='ltr'>fecit</span> <span class='ocrx_word' id='word_1_185' title='bbox 818 2676 870 2739; x_wconf 84' lang='lat' dir='ltr'>rel</span> <span class='ocrx_word' id='word_1_186' title='bbox 891 2677 962 2760; x_wconf 90' lang='lat' dir='ltr'>plus</span> <span class='ocrx_word' id='word_1_187' title='bbox 985 2677 1090 2759; x_wconf 88' lang='lat' dir='ltr'>etiam,</span> <span class='ocrx_word' id='word_1_188' title='bbox 1113 2689 1194 2758; x_wconf 90' lang='lat' dir='ltr'>quam</span> 
     </span>
     <span class='ocr_line' id='line_1_26' title="bbox 177 2768 1194 2864; baseline -0.003 -21"><span class='ocrx_word' id='word_1_189' title='bbox 177 2780 274 2864; x_wconf 78' lang='lat' dir='ltr'>dixit3</span> <span class='ocrx_word' id='word_1_190' title='bbox 305 2800 370 2844; x_wconf 94' lang='lat' dir='ltr'>non</span> <span class='ocrx_word' id='word_1_191' title='bbox 400 2779 484 2844; x_wconf 92' lang='lat' dir='ltr'>enim</span> <span class='ocrx_word' id='word_1_192' title='bbox 513 2780 617 2863; x_wconf 90' lang='lat' dir='ltr'>paruit</span> <span class='ocrx_word' id='word_1_193' title='bbox 644 2780 695 2843; x_wconf 92' lang='lat' dir='ltr'>illc</span> <span class='ocrx_word' id='word_1_194' title='bbox 723 2779 770 2842; x_wconf 83' lang='lat' dir='ltr'>Ti.</span> <span class='ocrx_word' id='word_1_195' title='bbox 788 2778 923 2843; x_wconf 83' lang='lat' dir='ltr'>Gracchi</span> <span class='ocrx_word' id='word_1_196' title='bbox 950 2780 1128 2861; x_wconf 90' lang='lat' dir='ltr'>temeritati,</span> <span class='ocrx_word' id='word_1_197' title='bbox 1148 2768 1194 2842; x_wconf 85' lang='lat' dir='ltr'>sed</span> 
     </span>
     <span class='ocr_line' id='line_1_27' title="bbox 176 2880 1194 2967; baseline -0.006 -21"><span class='ocrx_word' id='word_1_198' title='bbox 176 2883 322 2967; x_wconf 89' lang='lat' dir='ltr'>praefuit,</span> <span class='ocrx_word' id='word_1_199' title='bbox 346 2903 418 2947; x_wconf 88' lang='lat' dir='ltr'>nec·</span> <span class='ocrx_word' id='word_1_200' title='bbox 432 2903 466 2947; x_wconf 91' lang='lat' dir='ltr'>se</span> <span class='ocrx_word' id='word_1_201' title='bbox 490 2883 633 2947; x_wconf 89' lang='lat' dir='ltr'>comitem</span> <span class='ocrx_word' id='word_1_202' title='bbox 657 2883 740 2947; x_wconf 93' lang='lat' dir='ltr'>illius</span> <span class='ocrx_word' id='word_1_203' title='bbox 762 2882 884 2961; x_wconf 88' lang='lat' dir='ltr'>furoris,</span> <span class='ocrx_word' id='word_1_204' title='bbox 909 2880 966 2946; x_wconf 90' lang='lat' dir='ltr'>sed</span> <span class='ocrx_word' id='word_1_205' title='bbox 989 2880 1101 2946; x_wconf 91' lang='lat' dir='ltr'>duecm</span> <span class='ocrx_word' id='word_1_206' title='bbox 1122 2895 1194 2966; x_wconf 78' lang='lat' dir='ltr'>prae</span> 
     </span>
     <span class='ocr_line' id='line_1_28' title="bbox 176 2980 1194 3069; baseline -0.005 -19"><span class='ocrx_word' id='word_1_207' title='bbox 176 2988 253 3051; x_wconf 94' lang='lat' dir='ltr'>huit.</span> <span class='ocrx_word' id='word_1_208' title='bbox 281 2989 393 3068; x_wconf 88' lang='lat' dir='ltr'>Itaque</span> <span class='ocrx_word' id='word_1_209' title='bbox 414 2985 475 3049; x_wconf 92' lang='lat' dir='ltr'>hac</span> <span class='ocrx_word' id='word_1_210' title='bbox 496 2987 636 3051; x_wconf 92' lang='lat' dir='ltr'>amentia</span> <span class='ocrx_word' id='word_1_211' title='bbox 658 2987 841 3067; x_wconf 90' lang='lat' dir='ltr'>quaestione</span> <span class='ocrx_word' id='word_1_212' title='bbox 863 3006 948 3051; x_wconf 86' lang='lat' dir='ltr'>nova</span> <span class='ocrx_word' id='word_1_213' title='bbox 970 2987 1150 3069; x_wconf 89' lang='lat' dir='ltr'>perterritus</span> <span class='ocrx_word' id='word_1_214' title='bbox 1167 2980 1194 3044; x_wconf 88' lang='lat' dir='ltr'>in</span> 
     </span>
     <span class='ocr_line' id='line_1_29' title="bbox 178 3083 1194 3173; baseline -0.007 -21"><span class='ocrx_word' id='word_1_215' title='bbox 178 3090 286 3153; x_wconf 83' lang='lat' dir='ltr'>Asiam</span> <span class='ocrx_word' id='word_1_216' title='bbox 310 3090 458 3172; x_wconf 89' lang='lat' dir='ltr'>profugit,</span> <span class='ocrx_word' id='word_1_217' title='bbox 481 3088 523 3153; x_wconf 89' lang='lat' dir='ltr'>ad</span> <span class='ocrx_word' id='word_1_218' title='bbox 545 3089 651 3154; x_wconf 88' lang='lat' dir='ltr'>hostes</span> <span class='ocrx_word' id='word_1_219' title='bbox 678 3110 711 3154; x_wconf 89' lang='lat' dir='ltr'>sc</span> <span class='ocrx_word' id='word_1_220' title='bbox 735 3091 873 3170; x_wconf 92' lang='lat' dir='ltr'>contulit,</span> <span class='ocrx_word' id='word_1_221' title='bbox 896 3109 1016 3173; x_wconf 89' lang='lat' dir='ltr'>poenas</span> <span class='ocrx_word' id='word_1_222' title='bbox 1042 3089 1089 3153; x_wconf 87' lang='lat' dir='ltr'>rei</span> <span class='ocrx_word' id='word_1_223' title='bbox 1111 3083 1194 3173; x_wconf 87' lang='lat' dir='ltr'>publi·</span> 
     </span>
     <span class='ocr_line' id='line_1_30' title="bbox 179 3187 1194 3276; baseline -0.006 -19"><span class='ocrx_word' id='word_1_224' title='bbox 179 3213 235 3257; x_wconf 89' lang='lat' dir='ltr'>eae</span> <span class='ocrx_word' id='word_1_225' title='bbox 257 3213 371 3276; x_wconf 84' lang='lat' dir='ltr'>graves</span> <span class='ocrx_word' id='word_1_226' title='bbox 393 3194 553 3274; x_wconf 88' lang='lat' dir='ltr'>iustasque</span> <span class='ocrx_word' id='word_1_227' title='bbox 572 3193 730 3276; x_wconf 90' lang='lat' dir='ltr'>persolvit.</span> <span class='ocrx_word' id='word_1_228' title='bbox 765 3194 859 3257; x_wconf 89' lang='lat' dir='ltr'>Nulla</span> <span class='ocrx_word' id='word_1_229' title='bbox 874 3200 922 3258; x_wconf 91' lang='lat' dir='ltr'>est</span> <span class='ocrx_word' id='word_1_230' title='bbox 936 3193 1032 3275; x_wconf 91' lang='lat' dir='ltr'>igitur</span> <span class='ocrx_word' id='word_1_231' title='bbox 1049 3187 1194 3257; x_wconf 80' lang='lat' dir='ltr'>excusatio</span> 
     </span>
     <span class='ocr_line' id='line_1_31' title="bbox 178 3290 1194 3380; baseline -0.008 -20"><span class='ocrx_word' id='word_1_232' title='bbox 178 3297 309 3380; x_wconf 87' lang='lat' dir='ltr'>peccati,</span> <span class='ocrx_word' id='word_1_233' title='bbox 326 3297 353 3360; x_wconf 89' lang='lat' dir='ltr'>si</span> <span class='ocrx_word' id='word_1_234' title='bbox 376 3296 469 3360; x_wconf 89' lang='lat' dir='ltr'>amici</span> <span class='ocrx_word' id='word_1_235' title='bbox 492 3316 587 3360; x_wconf 88' lang='lat' dir='ltr'>causa</span> <span class='ocrx_word' id='word_1_236' title='bbox 609 3297 808 3379; x_wconf 68' lang='lat' dir='ltr'>peccaveris,</span> <span class='ocrx_word' id='word_1_237' title='bbox 832 3316 907 3359; x_wconf 91' lang='lat' dir='ltr'>nam</span> <span class='ocrx_word' id='word_1_238' title='bbox 923 3316 994 3359; x_wconf 83' lang='lat' dir='ltr'>cum</span> <span class='ocrx_word' id='word_1_239' title='bbox 1015 3290 1194 3361; x_wconf 76' lang='lat' dir='ltr'>conciliatrix</span> 
     </span>
     <span class='ocr_line' id='line_1_32' title="bbox 179 3398 1194 3481; baseline -0.006 -19"><span class='ocrx_word' id='word_1_240' title='bbox 179 3400 335 3462; x_wconf 89' lang='lat' dir='ltr'>amicitiae</span> <span class='ocrx_word' id='word_1_241' title='bbox 355 3399 479 3463; x_wconf 83' lang='lat' dir='ltr'>virtutis</span> <span class='ocrx_word' id='word_1_242' title='bbox 498 3399 603 3481; x_wconf 91' lang='lat' dir='ltr'>opinio</span> <span class='ocrx_word' id='word_1_243' title='bbox 623 3399 726 3480; x_wconf 89' lang='lat' dir='ltr'>fuerit,</span> <span class='ocrx_word' id='word_1_244' title='bbox 743 3398 871 3462; x_wconf 88' lang='lat' dir='ltr'>difficile</span> <span class='ocrx_word' id='word_1_245' title='bbox 892 3405 939 3463; x_wconf 88' lang='lat' dir='ltr'>cst</span> <span class='ocrx_word' id='word_1_246' title='bbox 959 3399 1130 3464; x_wconf 89' lang='lat' dir='ltr'>amicitiam</span> <span class='ocrx_word' id='word_1_247' title='bbox 1145 3411 1194 3460; x_wconf 90' lang='lat' dir='ltr'>ma·</span> 
     </span>
     <span class='ocr_line' id='line_1_33' title="bbox 179 3495 679 3584; baseline 0 -18"><span class='ocrx_word' id='word_1_248' title='bbox 179 3523 264 3584; x_wconf 87' lang='lat' dir='ltr'>nere,</span> <span class='ocrx_word' id='word_1_249' title='bbox 288 3503 315 3566; x_wconf 91' lang='lat' dir='ltr'>si</span> <span class='ocrx_word' id='word_1_250' title='bbox 337 3523 357 3566; x_wconf 91' lang='lat' dir='ltr'>a</span> <span class='ocrx_word' id='word_1_251' title='bbox 379 3502 495 3567; x_wconf 81' lang='lat' dir='ltr'>virtute</span> <span class='ocrx_word' id='word_1_252' title='bbox 517 3495 679 3566; x_wconf 80' lang='lat' dir='ltr'>defeceris.</span> 
     </span>
     <span class='ocr_line' id='line_1_34' title="bbox 128 3597 1194 3681; baseline -0.005 -14"><span class='ocrx_word' id='word_1_253' title='bbox 128 3619 161 3667; x_wconf 76' lang='lat' dir='ltr'>aa</span> <span class='ocrx_word' id='word_1_254' title='bbox 267 3605 358 3681; x_wconf 76' lang='lat' dir='ltr'>Quod</span> <span class='ocrx_word' id='word_1_255' title='bbox 385 3606 411 3669; x_wconf 90' lang='lat' dir='ltr'>si</span> <span class='ocrx_word' id='word_1_256' title='bbox 438 3611 558 3669; x_wconf 91' lang='lat' dir='ltr'>rectum</span> <span class='ocrx_word' id='word_1_257' title='bbox 585 3605 784 3669; x_wconf 82' lang='lat' dir='ltr'>statuerimus</span> <span class='ocrx_word' id='word_1_258' title='bbox 812 3605 863 3668; x_wconf 91' lang='lat' dir='ltr'>vel</span> <span class='ocrx_word' id='word_1_259' title='bbox 891 3603 1063 3669; x_wconf 90' lang='lat' dir='ltr'>concedere</span> <span class='ocrx_word' id='word_1_260' title='bbox 1090 3597 1194 3668; x_wconf 77' lang='lat' dir='ltr'>amicis</span> 
     </span>
     <span class='ocr_line' id='line_1_35' title="bbox 180 3707 1194 3791; baseline -0.009 -19"><span class='ocrx_word' id='word_1_261' title='bbox 180 3708 333 3791; x_wconf 89' lang='lat' dir='ltr'>quidquid</span> <span class='ocrx_word' id='word_1_262' title='bbox 355 3708 463 3790; x_wconf 88' lang='lat' dir='ltr'>velint,</span> <span class='ocrx_word' id='word_1_263' title='bbox 487 3709 537 3772; x_wconf 88' lang='lat' dir='ltr'>vel</span> <span class='ocrx_word' id='word_1_264' title='bbox 560 3709 727 3791; x_wconf 86' lang='lat' dir='ltr'>impetrare</span> <span class='ocrx_word' id='word_1_265' title='bbox 750 3709 790 3771; x_wconf 89' lang='lat' dir='ltr'>ab</span> <span class='ocrx_word' id='word_1_266' title='bbox 818 3708 867 3790; x_wconf 91' lang='lat' dir='ltr'>iis,</span> <span class='ocrx_word' id='word_1_267' title='bbox 892 3707 1045 3789; x_wconf 90' lang='lat' dir='ltr'>quidquid</span> <span class='ocrx_word' id='word_1_268' title='bbox 1067 3707 1194 3772; x_wconf 81' lang='lat' dir='ltr'>velimus</span> 
     </span>
    </p>
   </div>
   <div class='ocr_carea' id='block_1_3' title="bbox 0 0 1317 4110">
    <p class='ocr_par' dir='ltr' id='par_1_3' title="bbox 0 0 1317 4110">
     <span class='ocr_line' id='line_1_36' title="bbox 0 0 1317 4110; baseline 0 0"><span class='ocrx_word' id='word_1_269' title='bbox 0 0 1317 4110; x_wconf 95' lang='lat' dir='ltr'> </span> 
     </span>
    </p>
   </div>
  </div>
 </body>
</html>
